2834 4467
339 219 469 284 300
1109 242 1524 290 caunnausts
1556 242 1867 287 nvnnsus.
2384 247 2534 311 [cn.
2560 246 2660 295 1v.

199 392 314 457 [34]
339 391 586 466 triginta
606 393 868 481 militum
893 395 1150 451 arcubus
1181 393 1192 473 Ι
1223 395 1651 455 instructorum
1678 396 1946 455 millibus
1972 395 2037 453 in
2058 396 2407 455 Hiberniam
2429 398 2655 465 ductis,

341 494 377 520 “
394 506 466 545 ne
501 489 680 547 unius
716 489 956 565 quidem
989 490 1158 549 librae
1195 493 1490 569 sterlingae
1516 496 1837 552 accessione
1861 502 2033 551 vetus
2060 494 2362 551 tributum
2388 497 2649 564 auxerit,

334 588 567 663 imperii
586 589 829 664 Anglici
855 589 1000 647 fines
1028 590 1101 646 ad
1127 591 1382 666 spatium
1409 592 1592 649 unius
1612 592 1843 667 jugeris
1866 591 2073 668 pedem
2100 593 2461 667 promoverit
2486 594 2656 651 ultra

333 686 586 745 colonias
613 688 912 764 AnglicaS,
957 709 1086 763 quse
1129 680 1262 746 solae
1301 689 1373 747 iis
1399 698 1539 749 ante
1562 692 1945 766 parebant²².”
2029 690 2213 747 Gnari
2240 690 2527 750 nimirum
2554 693 2653 750 illi

333 783 452 841 duo
479 786 666 861 Reges
693 795 860 844 erant
885 806 1060 863 penes
1085 788 1386 845 Hiberniae
1411 789 1697 865 primores
1723 807 1857 845 suas
1876 787 2148 857 ditiones,
2166 797 2227 847 et
2251 789 2455 846 litium
2480 790 2546 847 in
2574 790 2650 847 iis

291 949 300 959 „
331 882 792 941 dirimendarum
811 894 1160 961 potestatem
1177 904 1254 943 ex
1279 894 1451 962 paeto
1466 886 1761 954 mansisse,
1784 904 1849 943 ac
1874 884 2121 961 proinde
2145 886 2463 962 persoluto,
2486 887 2653 962 quod

325 981 488 1037 inter
526 982 970 1057 transigendum
1007 984 1236 1059 policiti
1277 993 1419 1042 sunt
1454 986 1702 1052 tributo,
1746 1003 1919 1043 suum
1960 984 2215 1044 officium
2253 985 2328 1041 ad
2362 986 2649 1043 amussim

331 1080 669 1156 explevisse.
710 1082 935 1157 Utpote
959 1083 1232 1159 religioni
1252 1083 1561 1142 duxerunt
1581 1082 1753 1140 fidem
1774 1080 1810 1137 ὲ
1835 1082 2157 1157 majoribus
2184 1082 2378 1140 datam
2406 1084 2645 1152 violare,

331 1196 616 1237 memores
643 1176 824 1255 quod,
1309 1262 1339 1288 ιι
1358 1259 1576 1321 Optimus
1597 1258 1677 1305 me

946 1346 1141 1405 Militiae,
1165 1347 1240 1393 cui
1261 1351 1546 1407 postremum
1567 1345 1861 1406 primumque
1882 1346 1999 1391 tueri

951 1433 1080 1483 Inter
1099 1432 1222 1479 bella
1248 1432 1471 1479 fidemael’

331 1552 484 1610 Nam
510 1562 583 1611 ut
609 1554 695 1611 ait
724 1554 954 1613 Cicero:
987 1559 1024 1587 “
1040 1554 1227 1611 Nemo
1263 1562 1354 1611 est
1381 1554 1485 1629 qui
1510 1574 1629 1611 non
1654 1553 1807 1610 hanc
1834 1552 2198 1611 affectionem
2226 1556 2403 1611 animi
2428 1558 2646 1631 probet

331 1660 510 1727 atque
550 1652 769 1721 laudet,
815 1652 932 1727 qua
973 1672 1089 1710 non
1127 1652 1298 1709 modo
1337 1653 1569 1710 utilitas
1606 1653 1897 1728 quaeritur
1938 1652 2038 1710 sed
2074 1662 2277 1710 contra
2314 1654 2647 1713 utilitatem

331 1750 506 1807 etiam
533 1759 914 1807 conservatur
937 1749 1176 1807 fidesue’
1232 1751 1346 1807 His
1373 1751 1693 1807 conformia
1717 1750 1937 1825 promit
1966 1750 2024 1806 S.
2048 1750 2309 1826 August.
2352 1757 2389 1783 “
2406 1752 2645 1822 Fides‚”

329 1848 546 1923 inquit,
599 1855 636 1880 “
653 1848 884 1923 quando
920 1849 1295 1925 promittitur
1329 1850 1506 1907 etiam
1547 1849 1704 1907 hosti
1750 1848 2032 1906 servanda
2073 1858 2178 1917 est,
2224 1858 2426 1907 contra
2463 1870 2643 1925 quem

331 1947 556 2005 bellum
574 1937 913 2023 'geritur²⁵,’'
936 1955 1008 2004 ut
1035 1946 1322 2021 religioni,
1351 1948 1587 2014 rationi,
1620 1967 1685 2005 ac
1710 1947 1981 2021 patribus
2004 1946 2282 2003 Giraldus
2309 1946 2638 2017 obnitatur,

333 2046 476 2102 dum
505 2048 626 2105 suis
655 2046 949 2104 Hibernos
986 2045 1309 2115 debilitare,
1353 2054 1414 2103 et
1442 2044 1727 2103 continuo
1757 2044 2054 2121 promissis
2093 2064 2211 2102 non
2240 2054 2393 2103 stare
2429 2046 2639 2104 sedulo

331 2146 554 2203 suadet.
621 2148 831 2222 Itaque
853 2146 1088 2204 homine
1114 2146 1289 2203 saeris
1315 2146 1551 2203 initiato
1576 2145 1691 2203 viri
1717 2144 1945 2221 profani
1972 2144 2271 2219 religionis
2294 2144 2643 2220 integritate

327 2244 524 2309 multo
546 2253 822 2322 praestare
845 2245 1141 2313 videntur,
1167 2246 1272 2319 qni
1297 2244 1434 2301 fidei
1449 2244 1821 2301 violationem
1849 2241 2029 2299 tacite
2054 2243 2417 2319 praecipienti
2438 2264 2500 2302 se
2520 2264 2641 2303 non

328 2346 630 2403 audientes
655 2348 1056 2422 praebuerunt.
1112 2346 1206 2401 Ita
1225 2353 1297 2402 ut
1316 2342 1595 2438 Giraldps
1615 2343 1765 2401 faces
1784 2340 2011 2397 dudum
2028 2340 2409 2400 Machiavello
2422 2342 2497 2400 ad
2516 2363 2641 2403 suae

327 2443 722 2502 institutionis
747 2444 1040 2521 principes
1065 2443 1310 2519 perfidia
1336 2440 1683 2500 imbuendos
1709 2440 2039 2517 praetulisse
2065 2438 2353 2498 videatur.

445 2541 676 2599 Verum
700 2541 852 2599 hanc
877 2540 1179 2618 perfidiam
1211 2560 1431 2599 comem
1458 2560 1524 2597 ac
1548 2540 1735 2597 levem
1764 2558 1886 2597 esse
1912 2549 2287 2615 putaremus3
2325 2538 2374 2594 si
2400 2556 2538 2595 cum
2566 2541 2637 2597 ea

325 2638 733 2699 crudelitatem
772 2640 1060 2715 insignem
1101 2659 1220 2697 non
1263 2640 1584 2715 copularet,
1611 2657 1851 2695 monens
1884 2647 1956 2695 ut
1996 2656 2193 2695 omnes
2222 2637 2476 2694 Hiberni
2511 2638 2637 2695 unt‘i

321 2740 704 2797 internitione
729 2739 1125 2807 delerentur²⁸‚
1156 2758 1229 2796 ne
1255 2739 1507 2795 foeminis
1534 2738 1787 2813 quidem,
1819 2758 1885 2795 ac
1909 2738 2235 2795 infantibus
2264 2738 2338 2793 ab
2362 2737 2470 2794 hac
2502 2738 2637 2795 dira

321 2841 612 2899 sententia
631 2839 1072 2898 indemnitatem
1091 2839 1518 2896 consecuturis:
1541 2838 1991 2895 Abimelecbum
2013 2822 2297 2905 imitatus,
2322 2838 2427 2911 qui
2445 2837 2636 2894 Sichi-

320 2944 496 3001 mitas
523 2940 716 3021 (quod
741 2942 818 2998 ab
842 2939 936 2996 his
961 2941 1128 3007 urbe,
1158 2948 1220 2996 et
1245 2939 1412 2997 tribu
1439 2940 1663 3014 ejectus
1686 2937 1923 3010 fuisset)
1939 2946 2120 2995 noctu
2146 2936 2405 3002 adortus,
2434 2954 2636 2995 omnes

320 3042 660 3110 trucidavit,
687 3039 858 3098 nulla
884 3035 1076 3105 sextis,
1116 3046 1222 3095 aut
1257 3032 1445 3094 aetatis
1484 3036 1687 3093 habita
1715 3036 2013 3103 ratione2'13
2054 3043 2159 3091 aut
2186 3035 2282 3091 An
2288 3033 2428 3109 glos,
2472 3041 2509 3065 ‘⁶
2528 3035 2635 3109 qui

320 3140 724 3216 conjuratione
749 3136 915 3202 inita,
945 3135 1068 3194 unii
1092 3144 1263 3193 nocte
1291 3136 1486 3191 Danos
1513 3152 1709 3190 omnes
1734 3152 1838 3208 per
1861 3132 2141 3207 Angliam
2168 3131 2240 3188 ad
2267 3151 2455 3189 unum
2482 3134 2633 3189 occi-

319 3239 490 3297 dione
516 3238 958 3296 occideruntaess’
1036 3234 1150 3291 Sed
1176 3234 1406 3290 utinam
1433 3231 1589 3307 quod
1615 3230 1828 3306 flagitii
1854 3231 2161 3306 praemium
2187 3230 2431 3306 utrique
2464 3240 2631 3288 retu-

319 3338 522 3395 lerunt
561 3354 759 3392 secum
785 3333 1138 3408 cogitatione
1163 3330 1459 3388 volvisset.
1540 3328 1720 3385 Illum
1762 3329 1928 3386 molae
1960 3328 2245 3405 fragmine
2284 3330 2501 3387 mulier
2526 3350 2631 3406 op-

381 3480 424 3511 22
450 3476 613 3533 Duris,
639 3489 685 3533 p.
710 3477 788 3521 40.
851 3432 896 3507 ᾗ
915 3473 1057 3521 Silius
1079 3471 1286 3518 Italicus.
1339 3472 1380 3503 2⁴
1404 3470 1477 3515 De
1494 3469 1701 3517 Finibus.
1766 3473 1808 3504 ²⁵
1830 3470 1916 3528 Ep.
1938 3472 1977 3515 1.
1998 3470 2056 3514 ad
2076 3467 2381 3515 Bonifacium.
2456 3472 2497 3503 ²⁶
2515 3470 2612 3515 Hib

318 3545 510 3604 Expug.
536 3544 616 3589 lib.
640 3540 689 3586 ii.
714 3555 754 3586 c.
780 3540 858 3585 35.
923 3540 963 3571 ²⁷
983 3536 1138 3584 Judie.
1163 3540 1209 3583 9.
1273 3537 1316 3567 ²⁸
1334 3534 1558 3582 Camden.
1584 3549 1629 3593 p.
1658 3535 1763 3581 102.

383 3670 406 3705 ιι
429 3672 528 3719 The
559 3666 928 3725 understanding
959 3663 1112 3711 which
1146 3662 1228 3708 Dr.
1254 3660 1420 3719 Lynch
1520 3664 1670 3711 tween
1687 3657 1813 3705 them
1836 3672 1953 3705 were
1970 3657 2209 3717 perpetual
2230 3672 2343 3716 war,
2368 3660 2545 3707 carried
2568 3675 2629 3707 on

318 3770 536 3817 supposes
557 3760 606 3800 to
627 3755 748 3800 have
769 3751 952 3798 existed
975 3750 1177 3795 between
1191 3744 1271 3790 the
1285 3744 1416 3809 Eng·
1518 3742 1569 3789 in
1592 3744 1671 3789 the
1692 3741 1827 3789 usual
1858 3742 1993 3800 spirit
2024 3742 2078 3789 of
2105 3742 2184 3789 the
2214 3756 2319 3801 age,
2350 3744 2431 3790 the
2462 3744 2629 3791 results

316 3842 408 3888 lish
438 3840 580 3899 kings
617 3838 710 3884 and
743 3838 822 3883 the
853 3834 973 3881 Irish
1005 3832 1184 3891 princes
1211 3830 1298 3875 has
1335 3829 1420 3874 but
1520 3828 1662 3887 being
1672 3826 1909 3887 gmemlly
1928 3827 1975 3871 in
1996 3826 2192 3873 favor-of
2208 3828 2291 3874 the
2310 3828 2469 3875 native
2484 3828 2623 3885 Irim,

317 3924 438 3971 little
459 3922 728 3969 foundation
743 3921 794 3967 in
814 3920 922 3966 fact.
979 3917 1076 3963 The
1099 3914 1316 3962 relations
1337 3914 1416 3959 be-
1520 3911 1763 3972 especially
1777 3911 1896 3957 from
1908 3909 2093 3955 Bruce’s
2108 3910 2319 3959 invasion
2334 3917 2383 3959 to
2402 3913 2481 3959 the
2494 3913 2629 3971 reign
