2834 4467
368 194 497 259 410
1134 148 1556 263 canaamsxs
1583 172 1891 265 nvssastis.
2359 223 2510 287 [cn.
2535 222 2680 271 vm.

466 369 709 415 nmmum
725 368 877 407 nevum
894 366 1137 405 nmmum
1154 367 1538 416 Regimgmnffitm
1549 366 2063 413 mna-coelumne
2081 368 2326 409 embadi-11
2340 370 2682 413 mim-Eueno-

460 436 555 473 dlns
574 430 933 480 uooehmcdonlm.
1024 426 1111 478 [72]
1140 428 1205 465 Ex
1228 438 1312 476 quo
1326 428 1514 476 plerique
1536 428 1891 475 rege-*Hibernia
1914 428 2138 479 Christum
2153 430 2292 467 ortum
2315 431 2682 471 ducunt—crim-

458 495 611 534 monus
626 493 785 541 produ
798 502 825 531 a
840 490 986 535 unum
1007 489 1198 533 Saxonis,
1210 490 1255 527 ct
1272 487 1450 525 Albania
1465 487 1818 527 zetum-Nemas
1833 487 2102 535 Neoglnlluch
2115 487 2304 534 pluribus
2317 490 2492 537 numpoe
2508 492 2680 538 provin-

460 554 536 591 ciis
568 552 726 599 prada
753 547 1195 587 abducite-Hibernia
1215 548 1259 585 et
1284 545 1474 585 Albanio
1494 545 1886 589 m.-—DA·1·nue.
1918 553 2206 585 nomam:
2228 546 2478 586 mamm
2509 550 2686 588 Raoun

462 609 905 651 vannum—mum:
922 606 1099 648 Gelliam
1114 604 1551 645 mma—mnam
1565 604 1762 643 dicuntur
1773 604 1897 644 scoti.

370 733 515 789 TAM
554 731 629 788 ab
670 728 857 785 officio
898 725 1163 784 historici
1196 725 1361 783 abest
1400 724 1508 800 qui
1531 743 1672 783 vera
1707 725 2128 800 praetermittit,
2172 727 2352 801 quam
2390 728 2498 802 qui
2531 728 2679 794 falsa

367 838 581 885 narrat.
648 828 803 885 Nam
828 834 903 882 ut
928 825 1013 881 ait
1040 823 1099 881 S.
1118 823 1390 897 August:
1423 828 1463 853 “
1481 821 1602 889 Qui
1619 822 1928 879 veritatem
1949 824 2229 891 occultat,
2255 833 2318 881 et
2343 824 2451 899 qui
2472 826 2680 900 prodit

364 924 747 989 mendacium,
793 930 1047 997 uterque
1086 938 1223 977 reus
1256 927 1363 987 est,
1406 918 1508 977 ille
1539 920 1680 995 quia
1717 919 1988 994 prodesse
2027 940 2145 977 non
2183 922 2337 989 vult,
2378 921 2495 979 istc
2537 923 2679 995 quia

363 1043 568 1081 nocere
594 1022 961 1091 desiderat¹.”
1020 1020 1215 1077 Boetii
1240 1020 1417 1076 etiam
1453 1019 1633 1077 verba
1659 1027 1828 1075 sunt:
1860 1025 1897 1051 “
1913 1018 2050 1076 Non
2077 1018 2223 1075 mihi
2251 1018 2550 1077 Socratico
2579 1019 2676 1077 de-

362 1130 523 1179 creto
549 1122 635 1178 fas
663 1138 785 1177 esse
810 1118 1083 1185 arbitror,
1114 1117 1208 1173 vel
1232 1116 1558 1173 occuluisse
1583 1115 1908 1183 veritatem,
1937 1117 2033 1175 vel
2065 1098 2674 1175 concessisse-menda-

361 1222 595 1278 cium².”
665 1218 823 1275 Hinc
846 1218 909 1273 in
936 1216 1217 1273 historico
1230 1214 1365 1271 vitii
1390 1233 1578 1289 genus
1604 1224 1694 1271 est
1719 1216 2042 1285 reticentia,
2063 1216 2180 1285 cui,
2203 1226 2352 1273 teste
2371 1217 2674 1285 Cicerone,

360 1338 532 1395 poena
566 1326 655 1375 est
681 1337 716 1374 a
734 1314 1177 1391 jurisconsultis
1205 1312 1546 1370 constituta.
1630 1312 1761 1370 Hoc
1783 1314 1932 1369 vitio
1965 1314 2254 1372 laboravit
2282 1314 2586 1373 Salustius
2611 1317 2674 1372 in

360 1415 764 1490 conjuratione
786 1412 1050 1470 Catilinae
1072 1410 1502 1478 describenda&
1531 1411 1750 1467 etenim
1766 1410 1925 1485 quod
1945 1412 2210 1469 Ciceroni
2229 1420 2372 1469 actae
2393 1432 2428 1469 a
2449 1413 2677 1470 Senatu

359 1516 584 1572 fuerint
610 1514 831 1590 gratioe,
861 1508 1025 1587 quod
1051 1520 1219 1587 pater
1238 1509 1444 1584 patrioe
1465 1508 1678 1578 dictus,
1709 1508 1874 1584 quod
1899 1510 2029 1584 ejus
2053 1511 2290 1568 nomine
2319 1513 2678 1587 supplicatio

358 1614 607 1683 decreta,
638 1611 800 1688 quod
826 1611 919 1667 illi
946 1611 1161 1686 Capuae
1200 1629 1235 1665 a
1261 1608 1679 1667 decurionibus
1721 1617 1919 1666 statua
1943 1608 2211 1665 inaurata
2236 1609 2422 1667 fuerit
2448 1619 2674 1677 erecta;

358 1712 658 1768 verissima
678 1710 915 1785 quidem
940 1708 1045 1764 illa
1071 1706 1280 1775 omnia,
1298 1713 1358 1762 et
1382 1702 1644 1761 multum
1659 1705 1732 1761 ad
1751 1705 2048 1763 Ciceronis
2074 1706 2304 1763 laudem
2325 1708 2671 1781 spectantia,

360 1809 655 1867 Salustius
681 1808 813 1865 odio
838 1807 1129 1865 adductus
1155 1805 1413 1862 reticuit.
1472 1803 1848 1882 Thucydides
1865 1805 2042 1862 etiam
2061 1805 2124 1861 in
2151 1805 2392 1863 eandem
2419 1808 2672 1865 reticen—

358 1908 455 1965 tiae
502 1906 1003 1984 reprehensionem
1042 1902 1268 1973 incidit,
1305 1900 1471 1977 quod
1513 1902 1667 1959 libro
1706 1912 1912 1961 octavo
1953 1922 2198 1960 narrans
2225 1904 2668 1980 Antiphontem

360 2004 693 2072 Rhetorem,
722 2004 921 2063 virum
942 2002 1248 2069 disertum,
1274 2000 1560 2057 solvendae
1580 1999 2037 2057 Atheniensium
2055 2001 2439 2059 Democratiae
2459 2002 2674 2059 autho-

356 2126 480 2164 rem
500 2104 787 2171 extitisse,
820 2099 1175 2158 subticuerit
1196 2098 1411 2155 ultimo
1431 2096 1720 2171 supplicio
1736 2094 2028 2165 affectum,
2051 2097 2299 2172 ejusque
2311 2098 2582 2169 cadaver,
2599 2110 2678 2157 ut

358 2225 393 2262 a
419 2202 555 2260 feris
582 2202 1025 2276 discerperetur,
1054 2197 1387 2273 projectum
1426 2196 1623 2253 fuisse.
1705 2194 1922 2252 Voluit
1948 2196 2168 2253 scilicet
2205 2195 2316 2253 hoc
2341 2197 2675 2256 condonare

358 2318 475 2358 suoe
515 2318 653 2375 erga
690 2304 1101 2375 praeceptorem
1126 2293 1350 2369 pietati,
1388 2312 1424 2349 a
1451 2310 1568 2369 quo
1603 2292 1798 2381 fuerat
1822 2293 1885 2348 in
1911 2300 2039 2350 arte
2064 2291 2212 2351 bene
2239 2294 2472 2351 dicendi
2495 2296 2672 2353 insti-

358 2409 545 2457 tutus.
628 2400 835 2472 Itaque
875 2396 1123 2453 reticere
1160 2412 1229 2451 ea
1265 2412 1397 2467 quae
1437 2392 1511 2448 ad
1541 2392 1864 2468 aagendam
1890 2393 2010 2449 viri
2033 2384 2304 2467 alicujus,
2330 2404 2444 2451 aut
2472 2396 2672 2470 gentis

356 2498 599 2573 gloriam
628 2504 911 2573 spectant,
948 2494 1015 2553 in
1040 2513 1105 2552 re
1130 2492 1328 2569 aliqua
1352 2490 1520 2561 bene,
1564 2492 1916 2568 fortiterque
1941 2492 2122 2569 gesta,
2149 2492 2258 2551 hoc
2283 2512 2533 2569 prorsus
2559 2496 2668 2553 im-

354 2598 543 2672 probi,
574 2616 641 2653 ac
665 2596 940 2673 flagitiosi
968 2603 1057 2652 est
1081 2593 1350 2651 hominis.

474 2694 658 2751 Plura
696 2694 935 2768 quidem
965 2691 1245 2751 Giraldus
1285 2690 1516 2749 silentio
1555 2690 1866 2767 praeteriit,
1897 2710 2036 2765 quae
2063 2690 2344 2749 instituta
2369 2693 2670 2751 scribendi

354 2791 429 2847 ab
456 2790 580 2865 ipsa
613 2790 780 2859 ratic,
810 2799 917 2847 aut
942 2774 1173 2865 sponsio
1198 2788 1471 2864 praestita
1495 2786 1711 2862 exegit,
1739 2795 1815 2843 ut
1841 2787 2074 2863 scriptis
2100 2788 2400 2845 insereret.
2469 2790 2669 2847 David

356 2888 630 2946 Povellus
670 2888 781 2945 ait:
829 2894 867 2921 “
890 2886 1198 2945 Giraldum
1239 2886 1463 2961 ubique
1491 2884 1796 2942 Guillelmi
1824 2885 2023 2941 Brusii
2065 2884 2398 2943 Brechinioe
2441 2886 2668 2945 domini

356 2986 571 3043 scelera
592 2986 679 3042 ita
702 2984 919 3043 litteris
944 2983 1217 3040 mandare
1241 2991 1315 3041 ut
1340 2980 1612 3057 quaedam
1637 2981 1868 3043 minuat
1893 2988 2000 3039 aut
2025 2991 2281 3051 excuset,
2311 2984 2444 3052 alia,
2473 2986 2552 3043 de
2576 2987 2663 3042 in-

356 3082 587 3140 dustria
630 3081 1066 3159 praetermittat.
1166 3080 1317 3136 Nam
1361 3078 1580 3136 debitae
1626 3078 1976 3137 obedientiae
2017 3098 2123 3136 suo
2164 3078 2312 3155 Regi
2355 3080 2665 3159 denegatae

354 3182 572 3238 crimen
602 3188 885 3239 extenuat
926 3188 988 3237 et
1019 3178 1440 3254 quodammodo
1477 3177 1674 3235 diluit.
1755 3178 1838 3233 Et
1861 3187 2061 3255 postea
2086 3179 2318 3255 integra
2357 3181 2436 3237 ab
2461 3182 2664 3239 eodem

356 3282 569 3338 Brusio
589 3279 911 3355 perpetrati
932 3276 1163 3335 sceleris
1189 3276 1436 3335 historia
1452 3274 2014 3352 praetermittitur‘,”
2037 3278 2503 3335 commemoratis
2531 3288 2662 3335 tan-

354 3378 484 3435 tum
511 3376 863 3452 quibusbam
889 3373 1362 3441 circumstantii8‚
1403 3373 1621 3448 quibus
1647 3372 1811 3429 illius
1845 3372 2191 3448 proditionis
2230 3382 2290 3431 et
2327 3375 2506 3433 caedis
2535 3377 2660 3433 cul-

354 3494 487 3553 pam
532 3476 598 3531 in
640 3475 781 3531 alios
824 3473 1144 3530 transferre
1195 3472 1459 3529 molitur.
1549 3472 1883 3547 Aggressus
1925 3473 2222 3531 variarum
2275 3475 2551 3549 gentium
2599 3476 2660 3531 in

356 3574 701 3631 Hiberniam
726 3572 1103 3649 migrationes
1122 3580 1183 3631 et
1208 3590 1411 3629 eorum
1431 3572 1494 3629 in
1513 3558 1624 3629 1115
1637 3591 1730 3629 res
1750 3580 1940 3649 gestas
1963 3590 2430 3641 commemorare,
2453 3572 2578 3630 imo
2599 3584 2660 3633 et

353 3671 691 3747 pollicitus⁵,
719 3677 755 3703 “
777 3671 850 3728 de
876 3670 1081 3746 primis
1110 3679 1279 3727 terroe
1300 3670 1493 3741 istiuS,
1523 3671 1745 3741 incolis,
1785 3668 2149 3747 singulisque
2176 3672 2437 3730 seriatim
2464 3668 2658 3731 diver-

329 3839 337 3846 ·
422 3860 437 3888 1
464 3856 587 3912 Epis.
623 3860 682 3902 ad
706 3860 751 3905 S.
778 3860 1128 3918 Hieronymum.
1217 3864 1238 3895 2
1262 3862 1363 3909 Lib.
1395 3862 1427 3907 i.
1453 3876 1570 3920 pros.
1595 3864 1640 3909 4.
1721 3866 1741 3907 3⁴»
1764 3862 2067 3911 Robertellus.
2148 3864 2169 3897 ⁴⁴
2190 3864 2368 3913 Annot.
2393 3865 2443 3911 in
2465 3879 2566 3925 cap.
2589 3866 2654 3911 iv.

355 3917 435 3961 lib.
458 3919 489 3961 i.
516 3918 742 3965 itinerarii
764 3922 1005 3969 cambriae.
1072 3926 1092 3957 ⁵
1110 3924 1295 3971 Praefat.
1320 3926 1545 3985 Topogra.
