2834 4467
308 196 437 261 394
1086 212 1498 259 enumera
1529 210 1838 257 ssvsasus.
2329 210 2480 277 [cm
2504 210 2628 259 vn.

306 386 528 435 eorum,
558 386 707 442 quos
724 357 1003 425 Giraldus
1029 366 1091 423 in
1118 366 1337 425 delitiis
1362 366 1634 434 habebat,
1657 364 1937 423 eoereuit»
1981 362 2270 421 Avaritiae
2287 361 2381 419 illi
2401 369 2632 429 notam,

308 474 369 523 et
408 464 823 523 fraudulentiae
850 465 1059 533 inurit,
1098 474 1170 522 ut
1196 465 1301 539 qui
1326 464 1772 541 praeclarissima
1799 480 2048 538 quaeque
2085 461 2474 537 popularibus
2501 459 2636 516 suis

306 562 606 630 ademerit,
653 570 715 620 et
739 563 1025 621 vilissima
1060 563 1413 630 contulerim
1451 572 1516 619 et
1549 561 1905 638 presordida
1947 560 2279 629 tenacitate,
2317 578 2452 634 quae
2495 559 2635 615 Rex

304 661 1001 737 bellatoribusselargitus
1024 671 1129 729 est,
1158 662 1464 736 unguibus
1493 662 1618 718 suis
1653 661 1806 719 elabi
1837 679 1952 717 non
1975 659 2300 735 permisitffl.
2354 658 2638 731 Denique

304 759 399 817 vir
424 759 545 816 fuit
584 759 635 817 si
664 760 1009 817 Cambrensi
1044 759 1337 817 oredimus
1376 766 1415 791 “
1437 777 1666 835 semper
1701 759 1766 816 in
1806 758 2052 827 insidiis,
2093 776 2322 832 semper
2361 757 2426 812 in
2469 755 2632 823 dolo,

305 876 531 931 semper
558 856 873 931 propinans
902 858 1017 914 sub
1042 858 1215 915 melle
1240 876 1546 926 venenum,
1565 859 1808 932 'semper
1831 857 2020 913 latens
2043 856 2254 931 anguis
2291 855 2370 912 in·
2384 852 2636 911 herbfi⁵⁴.

305 954 423 1011 Vir
438 955 503 1013 in
530 955 677 1013 facie
704 955 983 1024 liberalis,
1012 963 1073 1012 et
1088 955 1253 1024 lenis,
1284 955 1450 1012 intus
1465 954 1610 1013 verb
1632 955 1771 1031 plus
1793 955 1952 1013 aloes
1977 954 2155 1029 quam
2173 952 2366 1011 mellis
2381 952 2634 1019 habens,

310 1070 537 1127 semper

326 1164 337 1169 “
828 1172 860 1197 “
879 1168 1155 1216 Peniculum
1179 1175 1378 1219 veterem
1400 1170 1618 1226 retinens,
1643 1168 1720 1215 vir
1738 1170 1889 1216 fronte
1910 1168 2097 1229 politus,

876 1253 1101 1301 Aetatem
1123 1254 1293 1313 vapido
1312 1258 1503 1312 portans
1524 1254 1612 1301 sub
1631 1258 1812 1312 pectore
1832 1252 2034 1311 vulpem.
2057 1300 2063 1305 ,

882 1336 1034 1396 Impia
1056 1338 1142 1385 sub
1164 1336 1289 1383 dulci
1310 1336 1440 1383 melli
1459 1350 1642 1383 venena
1660 1334 1852 1383 ferens-’⁹

306 1473 527 1531 Molliti
570 1493 859 1532 sermones
898 1474 1027 1548 ejus
1070 1494 1247 1551 super
1275 1475 1487 1542 oleum,
1533 1473 1631 1531 sed
1667 1474 1781 1550 ipsi
1822 1482 1965 1530 sunt
1995 1472 2208 1547 jacula,
2250 1472 2425 1545 eujus
2453 1470 2638 1529 hodie

305 1581 630 1640 venerator,
655 1592 781 1631 eras
800 1573 1061 1647 ejusdem
1088 1574 1368 1649 spoliator
1396 1573 1654 1631 existens
1675 1573 1770 1630 vel
1797 1571 2048 1629 delator:
2079 1570 2409 1627 imbellium
2427 1569 2635 1627 debel-

306 1671 477 1738 lator,
502 1670 814 1727 rebellium
842 1670 1165 1728 blanditor:
1194 1671 1497 1729 indomitis
1524 1672 1800 1739 domitu8‚
1820 1670 2060 1727 domitis
2086 1670 2439 1726 indomitus:
2469 1669 2637 1727 hosti

308 1768 719 1825 suavissimus:
763 1769 1005 1825 subdito
1029 1768 1439 1845 gravissimus:
1469 1788 1576 1827 nee
1601 1770 1694 1826 illi
1717 1768 2122 1837 formidabiliS‚
2152 1786 2260 1824 nee
2283 1768 2389 1824 isti
2415 1766 2632 1825 fidelis.

309 1866 427 1923 Vir
453 1865 703 1934 dolosuS,
733 1866 1006 1935 blandus,
1037 1867 1438 1936 meticulosus,
1469 1878 1580 1925 etc,
1608 1876 1716 1926 ete.
1798 1869 1879 1924 Et
1905 1867 2115 1924 deinde
2142 1866 2247 1941 qui
2265 1864 2420 1921 nihil
2448 1884 2637 1941 aegre-

307 1963 473 2038 gium
484 1963 547 2018 in
560 1962 848 2020 Hibernia
858 1964 1055 2039 gessit,
1068 1972 1281 2040 praeter
1289 1963 1402 2023 hoe
1420 1967 1628 2033 solum,
1643 1963 1806 2039 quod
1818 1965 2095 2021 baculum
2105 1964 2630 2031 virtuosissimum,

310 2080 491 2137 quem
512 2062 792 2117 baculum
809 2062 849 2119 J
852 2081 957 2119 esu
975 2072 1201 2132 vocant,
1234 2065 1307 2119 ab
1336 2062 1673 2120 Ardmachfi
1700 2062 2056 2120 Dublinium
2077 2062 2390 2119 transferri
2414 2080 2634 2137 procu-

310 2158 570 2214 ravit“.”
636 2158 888 2216 Perinde
914 2178 979 2215 ac
1007 2160 1056 2216 si
1076 2160 1301 2217 facinus
1319 2170 1470 2218 esset
1485 2160 1896 2237 praedicatione
1923 2161 2350 2229 celebrandum,
2381 2160 2634 2217 alterius

308 2270 423 2310 arae
450 2253 651 2328 spoliis
678 2253 850 2309 aliam
884 2272 1181 2322 exornare,
1223 2264 1284 2311 et
1310 2253 1564 2327 victimat
1580 2262 1751 2329 rapto
1779 2253 2111 2329 comparata
2139 2255 2310 2312 litare
2335 2272 2402 2311 ae
2425 2255 2634 2329 potius

310 2349 476 2426 oeque
508 2352 631 2408 Deo
666 2351 969 2427 ingratum
1008 2370 1075 2408 ae
1102 2351 1297 2409 Saulis
1322 2352 1645 2409 immolatio
1683 2372 1758 2409 ex
1786 2353 2108 2429 pinguibus
2137 2354 2633 2411 Amalilectarum

310 2449 607 2507 armentis.
679 2456 717 2482 “
738 2450 977 2507 Honora
992 2450 1293 2507 dominum
1320 2451 1393 2507 de
1414 2449 1522 2507 tuz‘i
1543 2452 1932 2509 substantia?
1995 2456 2032 2484 “
2050 2454 2140 2509 De
2167 2450 2273 2509 ωδ,
2291 2451 2633 2509 substantia

310 2548 403 2605 fae
422 2549 903 2626 eleemosynam.”
949 2556 987 2583 “
1006 2550 1125 2627 Qui
1140 2549 1313 2607 offert
1331 2550 1680 2607 sacrificium
1697 2570 1774 2608 ex
1793 2553 2035 2609 substan
2043 2552 2126 2609 tia
2145 2551 2436 2627 pauperie,
2457 2553 2633 2626 quasi

311 2647 417 2722 qui
442 2647 712 2704 victimat
737 2647 928 2704 filium
954 2649 1015 2704 in
1044 2657 1359 2723 conspectu
1385 2650 1570 2723 patris
1591 2650 1742 2707 sui.''
1822 2650 2122 2707 Intulistis
2147 2650 2218 2707 de
2244 2650 2467 2724 rapinis
2495 2668 2632 2707 mu-

310 2762 441 2812 nus,
471 2744 761 2818 numquid
784 2744 1091 2820 suscipiam
1120 2745 1191 2802 de
1218 2765 1397 2803 manu
1423 2746 1636 2815 vestra,
1669 2746 1814 2803 dicit
1841 2747 2186 2817 Dominus.''
2270 2753 2307 2787 ‘⁶
2323 2748 2380 2805 N
2383 2766 2448 2805 eo
2475 2751 2630 2819 est,'’

310 2851 384 2899 ut
422 2843 506 2899 ait
534 2842 767 2912 Seneca,
814 2849 853 2877 ‘⁴
872 2844 1069 2919 magni
1095 2845 1275 2901 animi
1316 2846 1420 2920 qui
1449 2846 1522 2903 de
1561 2846 1748 2903 alieno
1783 2846 2041 2902 liberalis
2083 2854 2190 2912 est,
2237 2845 2335 2903 sed
2375 2846 2480 2903 ille
2521 2848 2631 2921 qui

311 2942 471 3018 quod
496 2943 669 2999 alteri
694 2942 889 3011 donat,
920 2944 1032 2999 sibi
1054 2943 1373 3013 detrahit,”
1400 2945 1487 3001 ait
1507 2945 1659 3001 enim
1691 2946 1910 3013 Cicer0,
1945 2952 1981 2977 “
2005 2945 2124 3012 Qui
2148 2944 2278 3001 aliis
2299 2953 2531 3013 nocent,
2555 2955 2630 3003 ut

311 3042 374 3096 in
394 3040 535 3097 alios
562 3040 831 3098 liberales
852 3039 989 3110 sint,
1010 3041 1074 3097 in
1100 3041 1300 3099 eadem
1329 3052 1472 3099 sunt
1497 3041 1812 3116 injustitia,
1843 3048 1915 3099 ut
1941 3043 1991 3098 si
2017 3043 2078 3097 in
2109 3061 2273 3099 suam
2295 3062 2418 3099 rem
2438 3042 2633 3099 aliena

313 3141 719 3196 convertant.”
800 3146 839 3174 “
857 3140 915 3196 N
918 3159 982 3197 ec
1008 3141 1357 3216 permissum
1384 3151 1474 3197 est
1499 3150 1573 3198 ut
1595 3142 1838 3216 impune
1863 3141 2031 3197 nobis
2050 3140 2239 3209 liceat,
2267 3139 2424 3214 quod
2444 3140 2631 3197 alicui

310 3237 715 3312 eripuerimus,
740 3238 803 3293 id
822 3238 995 3294 alteri
1016 3239 1341 3297 traderem?
1396 3240 1529 3296 Non
1551 3241 1718 3296 tenui
1738 3237 2002 3314 profecto
2021 3239 2403 3297 admiratione
2424 3248 2632 3299 teneor

312 3356 420 3393 eur
462 3335 821 3393 Aldelmides
864 3356 1135 3413 supremo
1173 3338 1454 3394 Hibernis
1489 3338 1840 3413 magistratu
1881 3348 2128 3407 amotUS,
2165 3338 2627 3415 repetundarum

310 3493 475 3540 ⁵³Hib.
496 3492 685 3552 Expug.
700 3492 781 3539 lib.
796 3492 844 3538 ii.
860 3506 925 3539 ee.
950 3495 1025 3551 16,
1045 3494 1122 3539 22.
1167 3494 1209 3527 ⁵⁴
1225 3492 1343 3539 Ibid.
1363 3508 1388 3539 e
1425 3494 1514 3541 17:
1555 3495 1596 3527 ⁵⁶
1619 3492 1738 3540 Ibid.
1755 3509 1794 3553 c,
1817 3496 1894 3540 22.
1943 3496 1984 3527 ⁶⁶
1999 3494 2158 3541 Cicero
2173 3495 2222 3540 in
2240 3494 2446 3569 Verrem.
2459 3496 2524 3541 iv.
2543 3498 2623 3543 53.

2202 3573 2242 3603 ο

314 3658 483 3713 whom,
510 3654 761 3714 especially
782 3658 861 3703 the
882 3655 994 3701 Earl
1026 3657 1081 3703 of
1102 3656 1419 3711 Clanriekard,
1523 3657 1839 3702 endeavoured
1871 3662 1919 3703 to
1949 3659 2098 3703 tbi-ow
2121 3672 2151 3704 a
2171 3658 2264 3704 vei]
2292 3670 2402 3704 over
2423 3658 2503 3705 the
2531 3658 2626 3705 ini-

313 3754 432 3786 were
446 3754 563 3799 very
581 3741 816 3799 powerful,
834 3742 927 3787 and
944 3742 1041 3787 still
1056 3740 1271 3787 Catholie
1288 3743 1423 3787 when
1523 3739 1660 3799 quity
1675 3741 1728 3785 of
1745 3741 1824 3785 the
1845 3741 1946 3786 first
1967 3741 2139 3787 Barke.
2206 3742 2305 3787 But
2325 3756 2398 3787 see
2419 3742 2499 3787 the
2513 3742 2624 3787 eha-

316 3824 400 3869 Dr.
420 3824 583 3884 Lyneh
598 3828 691 3873 and
706 3826 814 3871 Mae
828 3826 979 3871 Fir-bis
1000 3840 1119 3871 were
1140 3826 1329 3884 writing
1346 3843 1357 3881 3
1392 3840 1425 3871 a
1523 3830 1672 3869 taeter
1690 3824 1830 3883 given
1851 3826 1904 3870 of
1930 3826 2026 3869 him
2049 3826 2112 3885 by
2135 3825 2356 3873 Gir-aldus
2375 3827 2627 3872 oonflnned

312 3908 645 3957 circumstance
666 3910 819 3956 which
841 3924 951 3970 may
966 3910 1157 3968 explain
1179 3911 1291 3969 why
1308 3911 1424 3969 they
1523 3911 1589 3969 by
1611 3911 1690 3956 the
1712 3911 1832 3957 Irish
1849 3912 2041 3970 Annals,
2067 3918 2174 3959 note
2195 3920 2228 3971 ⁸,
2255 3928 2299 3972 p.
2325 3915 2435 3971 391,
2460 3916 2624 3973 supr-ci.
