2834 4467
342 176 465 245 376
1116 204 1526 251 cluanuama
1557 208 1865 254 nvi-:nsua
2355 212 2509 278 [cst.
2535 214 2664 263 vn.

340 362 455 411 set:
492 354 584 412 illi
604 344 676 413 ut
702 356 1221 415 lucubrationibus
1240 360 1393 416 naevi
1412 360 1909 439 abstergerentur,
1929 363 2129 421 amicis
2156 382 2264 420 sua
2287 366 2662 423 recitabant:

340 456 423 513 sic
450 456 735 516 Horatius
762 458 834 517 de
872 478 933 518 se
958 459 1115 517 dixit
1132 454 1191 494 ‘⁴‘
1214 480 1329 520 non
1370 463 1556 521 recito
1593 464 1868 539 cuiquam
1895 466 2012 521 nisi
2038 467 2298 535 amicis,'’
2327 476 2390 524 et
2416 467 2492 524 de
2522 466 2660 523 Au-

337 562 529 629 gusto,
548 556 885 626 Suetonius,
911 565 949 591 ‘⁶
964 560 1289 616 nonnulla”
1312 580 1347 618 e
1372 562 1606 637 scriptis
1627 564 1750 619 suis
1775 570 1811 597 ‘⁶
1827 564 1889 619 in
1917 572 2071 621 caetu
2085 564 2467 621 familiarium
2481 565 2664 621 velut

340 654 401 709 in
423 655 716 714 auditorio
731 652 1101 727 recitavit¹⁷,’'
1124 668 1184 717 et
1204 658 1436 717 Plinius
1453 666 1490 692 “
1506 661 1741 718 nullum
1763 660 1797 684 ’⁹
1819 662 2019 737 inquit
2050 670 2084 695 “
2097 662 2442 721 emendandi
2461 681 2664 737 genus

340 755 567 822 omitt0‚
610 774 677 813 ac
712 756 972 833 primum
1015 776 1145 832 quoe
1182 758 1389 834 scripsi
1419 778 1648 815 mecum
1683 760 1807 835 ipse
1832 770 2144 837 pertracto,
2177 760 2386 819 deinde
2413 761 2660 818 duobus

342 863 448 911 aut
474 853 672 912 tribus
698 854 845 930 lego,
890 874 1027 911 mox
1064 856 1193 915 aliis
1222 856 1391 915 trado
1416 858 1763 927 annotanda,
1793 868 2079 935 notasque
2105 879 2307 917 eorum
2335 860 2387 917 si
2412 860 2656 927 dubim,

343 972 479 1009 cum
496 972 615 1009 uno
634 934 845 1009 rursu⁰s
873 960 978 1010 aut
1004 954 1189 1011 altero
1218 955 1466 1029 pensito,
1486 954 1798 1015 novissime
1818 956 2096 1032 pluribus
2116 958 2355 1014 recit0.”
2415 956 2658 1029 Hujus-

342 1050 500 1108 modi
518 1059 554 1084 ‘⁶
566 1051 809 1127 privatae
829 1052 1257 1121 recitationes,”
1279 1062 1350 1110 ut
1360 1053 1586 1129 inquit,
1605 1053 2042 1130 Theophrastus
2065 1062 2102 1088 ‘⁶
2119 1056 2360 1131 pariunt
2379 1055 2657 1111 emenda-

342 1150 569 1209 tiones”
595 1158 669 1209 ut
696 1150 872 1208 etiam
898 1150 1165 1226 publicai,
1195 1150 1330 1208 cum
1357 1151 1431 1208 ad
1445 1152 1674 1226 judicia
1691 1150 1997 1210 hominum
2018 1152 2380 1229 exquirenda
2407 1152 2658 1211 adhibe-

342 1250 587 1307 bantur:
624 1258 699 1309 ut
726 1249 799 1329 de
834 1249 981 1307 Silio
1009 1249 1242 1309 Plinius
1270 1251 1427 1308 dixit
1457 1257 1494 1283 ‘⁴
1515 1252 1620 1325 qui
1646 1270 2069 1327 nonnunquam
2089 1252 2314 1327 judicia
2337 1250 2656 1308 hominum

340 1348 783 1407 recitationibus
819 1349 1283 1425 experiebatur”
1308 1359 1369 1407 et
1392 1350 1642 1407 Ovidius
1681 1350 1937 1407 carmina
1963 1331 2099 1407 cum
2128 1349 2388 1425 primum
2427 1350 2658 1425 populo

333 1444 623 1520 juvenilia
641 1446 797 1522 legii.
842 1446 970 1504 Alii
994 1446 1291 1505 recitando
1316 1446 1590 1522 plausum
1610 1446 1849 1505 tantum
1876 1446 2226 1504 ambiebant.
2285 1444 2416 1509 Im&
2445 1447 2656 1503 lauda·

341 1554 496 1601 tores
527 1543 787 1603 mercede
814 1552 918 1600 aut
945 1544 1099 1601 caenfi
1118 1544 1401 1619 promissa
1417 1544 1836 1613 conducebant,
1868 1546 1974 1620 qui
1988 1545 2060 1602 ad
2076 1544 2339 1620 quaedam
2365 1545 2656 1601 orationis

342 1640 544 1718 spatia,
580 1649 617 1674 “
634 1642 905 1718 sophos‚”
928 1648 968 1673 ‘⁶
982 1640 1297 1717 pulchro?
1320 1640 1355 1674 ‘³
1377 1640 1580 1712 benef
1605 1649 1642 1675 “
1657 1642 1877 1712 recte‚'’
1903 1650 1939 1675 “
1959 1642 2273 1719 praeclare?
2287 1641 2300 1663 ’
2323 1643 2654 1713 “festive‚⁸’

340 1746 379 1773 ‘⁸
400 1739 630 1809 beate‚”
659 1740 1067 1798 acclamabant.
1154 1740 1242 1798 Ut
1272 1740 1410 1798 hinc
1437 1742 1788 1811 Martialis¹⁸,
1817 1740 2031 1817 sophos
2059 1742 2190 1798 illos
2217 1750 2277 1798 et
2297 1741 2656 1799 laudicaenas

342 1838 719 1914 appellaverit
732 1857 747 1895 t

926 1940 957 1966 ‘⁴
972 1940 1035 1986 Et
1054 1940 1141 1987 tibi
1162 1946 1232 1987 ter
1248 1940 1486 2000 geminum
1508 1942 1684 2002 mugiet
1703 1940 1782 1988 ille
1803 1938 2021 2001 sophos.··

928 2026 955 2050 ‘⁴
971 2024 1151 2071 Laudat
1172 2028 1219 2070 te
1240 2023 1400 2082 Selius,
1426 2038 1565 2071 caenae
1585 2022 1695 2071 eum
1715 2026 1832 2071 retia
1853 2022 2050 2071 tendit.”

344 2146 553 2223 Itaque
571 2147 847 2205 Giraldus
863 2150 1155 2204 mercatus
1174 2166 1297 2205 esse
1314 2147 1582 2223 “grande
1602 2158 1662 2205 et
1677 2148 1948 2205 insanum
1967 2151 2004 2180 ”
2023 2146 2237 2223 sophos
2259 2148 2542 2243 dicendus
2561 2158 2650 2205 est

342 2247 445 2320 qui
473 2254 637 2302 tanto
664 2254 909 2322 sumptu
936 2264 1149 2303 caenam
1176 2254 1355 2315 tantae
1382 2247 1762 2303 convivarum
1789 2246 2164 2303 multitudini
2203 2246 2496 2321 apposuit,
2529 2265 2649 2318 non

343 2353 415 2400 ut
442 2364 516 2401 ex
542 2344 880 2401 auditorum
909 2342 1199 2401 sententia
1237 2346 1399 2420 operi
1428 2345 1555 2419 ejus
1581 2344 1828 2402 accessio
1855 2344 2049 2420 aliqua
2076 2344 2426 2419 praestantiae
2453 2342 2646 2414 fieret,

342 2446 442 2503 sed
470 2456 541 2503 ut
564 2446 691 2522 ipse
727 2446 1064 2523 popularem
1091 2466 1293 2504 aurem
1328 2446 1439 2504 hac
1479 2448 1868 2504 ostentatione
1901 2456 2318 2523 aucuparetur,
2351 2457 2410 2505 et
2438 2448 2512 2504 ad
2541 2468 2647 2525 po-

341 2546 551 2621 pulum
577 2544 843 2620 phaleras
871 2546 1063 2604 daret:
1106 2556 1175 2603 ut
1204 2546 1257 2603 ei
1276 2546 1489 2622 possim
1517 2566 1592 2603 ex
1614 2544 1876 2603 Martiali
1903 2546 2230 2603 accinere¹⁹z

821 2689 851 2711 ‘⁴
870 2685 1002 2741 Quod
1024 2691 1121 2732 tam
1144 2686 1319 2745 grande
1340 2682 1512 2745 sophos
1531 2686 1703 2733 clamat
1723 2686 1808 2733 tibi
1828 2688 1965 2733 turba
1984 2692 2148 2746 togata

860 2772 966 2817 Non
989 2778 1041 2817 tu
1058 2771 1363 2828 CambrensiS,
1387 2786 1516 2817 caena
1535 2772 1706 2817 diserta
1725 2778 1808 2818 tua
1827 2771 1940 2818 est-'²

345 2894 653 2953 Recitandi
679 2894 1058 2963 consuetudO,
1088 2914 1264 2971 quam
1294 2900 1331 2927 “
1352 2896 1415 2951 in
1444 2894 1667 2971 Angli&
1690 2893 1902 2953 factam
1930 2894 2031 2973 (ut
2054 2895 2282 2953 Giraldi
2308 2895 2530 2972 placet)
2551 2899 2648 2955 vel

343 3013 595 3070 praesens
634 3004 787 3062 fletae,
829 2993 924 3050 vel
963 2993 1127 3049 nulla
1160 2992 1366 3051 recolit
1405 2991 1768 3068 antiquitas'’
1808 2994 1868 3049 in
1914 2992 2201 3051 Hibernia
2238 3014 2354 3051 non
2395 2993 2516 3051 fuit
2556 2996 2649 3051 in-

344 3090 579 3148 usitata.
670 3090 907 3147 Etenim
944 3089 1268 3165 Amergino
1302 3088 1641 3165 Amalgadii
1672 3088 1810 3157 filio,
1850 3089 2180 3147 Moelruani
2215 3092 2416 3165 nepoti
2457 3100 2648 3166 poetae

344 3210 451 3247 suo
473 3190 805 3249 Dermicius
834 3188 1135 3247 Carbhalli
1170 3188 1346 3259 filius,
1382 3188 1684 3246 Hiberniae
1711 3206 1836 3257 rex,
1869 3188 2093 3245 Flanno
2122 3190 2335 3265 Feaplo
2372 3189 2649 3265 Seanlani

442 3342 479 3374 ¹⁷
505 3341 605 3387 Lib.
630 3341 711 3387 vii.
796 3343 835 3375 ¹⁸
855 3341 953 3388 Lib.
978 3342 1045 3387 iii.
1063 3356 1133 3402 ep.
1159 3344 1251 3400 463
1285 3342 1365 3389 lib.
1389 3343 1438 3389 ii.
1463 3356 1531 3401 ep.
1559 3344 1620 3388 2⁷
1640 3359 1653 3399 ;
1688 3341 1766 3388 lib.
1792 3342 1822 3387 i.
1843 3355 1912 3401 ep.
1940 3343 2018 3388 50.
2097 3343 2138 3376 ¹⁹
2163 3342 2261 3389 Lib.
2285 3343 2348 3388 vi.
2372 3356 2444 3403 ep.
2465 3345 2546 3390 48.

406 3464 421 3497 f
456 3468 484 3493 “
503 3466 787 3526 Sophoclea'’
809 3467 849 3513 is
872 3467 952 3513 the
974 3468 1101 3516 word
1131 3468 1179 3513 in
1202 3469 1282 3514 the
1302 3468 1445 3527 origi-
1574 3472 1598 3507 Β
1615 3466 1738 3513 That
1750 3466 1804 3523 is,
1823 3464 2080 3523 Diarmaid,
2095 3479 2179 3513 son
2191 3466 2242 3512 of
2254 3466 2430 3527 Fergus
2448 3466 2645 3513 Oeirbh·

342 3553 451 3609 na13
486 3554 583 3609 but,
620 3565 673 3599 as
704 3566 765 3598 no
788 3551 1024 3613 authority
1045 3552 1131 3599 has
1164 3553 1280 3599 been
1305 3553 1448 3599 found
1547 3551 1648 3609 eoil,
1683 3550 1901 3597 monarch
1931 3551 1983 3596 of
2012 3550 2196 3597 Ireland
2229 3552 2348 3598 from
2375 3550 2517 3597 Anno
2547 3551 2645 3597 Do—

343 3641 393 3685 in
415 3639 495 3686 the
515 3639 777 3697 references,
803 3638 883 3685 the
899 3638 1091 3697 reading
1111 3638 1161 3683 in
1178 3639 1257 3688 the
1280 3643 1387 3684 text
1408 3638 1450 3683 is
1548 3638 1662 3683 mini
1688 3638 1783 3685 544
1807 3645 1858 3684 to
1891 3636 2155 3705 565.-Seg
2177 3636 2495 3696 O'Flaherty's
2517 3636 2645 3695 093]-

344 3725 555 3784 adopted.
622 3724 720 3770 The
741 3738 888 3770 errors
910 3723 962 3770 of
977 3724 1059 3769 the
1080 3737 1207 3783 presa
1228 3738 1305 3769 are
1326 3710 1443 3782 very
1539 3722 1637 3780 qia,
1663 3736 1706 3780 p.
1728 3724 1838 3769 430.

344 3822 567 3865 common,
604 3822 655 3854 as
684 3810 763 3855 the
785 3808 914 3854 work
937 3808 1029 3853 bad
1064 3813 1146 3853 not
1177 3808 1253 3853 the
1274 3807 1444 3853 benefit
1609 3802 1630 3835 ¹·
1655 3805 1910 3853 Otherwise
1950 3806 2098 3851 Flami
2138 3800 2354 3851 Feabhla.
2437 3803 2514 3849 He
2549 3818 2648 3851 was

344 3892 396 3937 of
411 3892 489 3939 the
510 3890 717 3939 author-’a
736 3892 999 3939 correction.
1164 3901 1169 3907 ·
1545 3890 1834 3955 Archbishop
1857 3892 1908 3937 of
1935 3890 2146 3950 Armagh
2169 3891 2286 3936 from
2307 3889 2366 3936 A.
2394 3889 2452 3935 D.
2481 3890 2577 3935 688
2598 3895 2645 3936 to
