2834 4467
2758 0 2771 9 '
2832 0 2834 67 ἶ

347 206 446 313 ι96
1139 226 1551 288 σΑῃΒιιΕΝεῑε
1580 225 1891 293 avnnsus.
2454 228 2612 293 [eu.
2641 232 2680 277 1,

362 379 566 437 tuerit.
655 378 946 439 Praeterea
969 380 1166 439 virum
1192 380 1466 450 nobilem,
1500 389 1563 438 et
1596 382 1657 438 in
1694 378 1887 457 patria
1908 379 2145 456 scriptis
2182 379 2522 439 exornanda
2548 401 2675 440 me-

360 478 718 549 morabilem,
750 478 1098 557 Philippum
1130 480 1594 540 O’Sullevanum
1628 481 1947 557 pugillares
1986 480 2051 537 in
2080 478 2394 538 Giraldum
2413 480 2678 539 viriliter

361 578 706 648 exercuisse,
751 597 784 636 e
807 578 1166 636 carminibus
1193 578 1540 637 Patricianae
1568 579 1785 637 Decadi
1812 577 2069 655 praefixis
2112 578 2297 665 elicio.
2392 578 2507 636 ma
2528 598 2676 638 vero
2778 664 2787 669 -

363 681 446 738 sic
472 700 533 741 se
557 680 778 741 habent
803 681 948 740 dum
973 681 1242 759 Philippi
1268 682 1487 759 scripta
1512 690 1847 752 recensent3

971 824 1002 849 ‘⁵
1018 822 1214 869 Invidiae
1233 826 1408 883 partus,
1433 822 1675 870 mendacia
1694 836 1869 883 magna
1890 820 2091 871 Giraldi·

1014 907 1234 968 Rejioit.”
1606 937 1617 939 -

361 1010 452 1069 Ut
477 1016 675 1069 actum
701 1029 871 1087 agere
895 1010 1114 1103 videar,
1142 1019 1202 1070 et
1229 1030 1465 1088 operam
1499 1011 1719 1081 ludere,
1756 1011 1808 1069 si
1832 1010 2109 1081 maculas,
2135 1030 2170 1067 a
2198 1010 2540 1069 cambrensi
2568 1032 2670 1089 pa·
2698 1000 2703 1005 ⁸

361 1108 492 1167 triae
518 1128 660 1167 meae
686 1126 961 1185 aspersaS‚
989 1116 1123 1185 post
1148 1128 1381 1185 operam
1407 1109 1600 1167 abillo
1614 1109 2055 1186 praeclarissimo
2069 1109 2200 1186 pari
2224 1128 2427 1167 rerum
2449 1109 2670 1181 Hiber-

361 1224 576 1263 norum
595 1206 976 1265 scientissimo
1001 1206 1068 1263 in
1094 1206 1492 1283 impugnando
1516 1207 1756 1265 Giraldo
1782 1209 2048 1285 positam,
2068 1208 2267 1265 eluere
2294 1207 2667 1275 contendere,

362 1322 500 1361 cum
525 1304 852 1381 praesertim
877 1311 1115 1381 partum
1133 1304 1451 1380 utriusque
1476 1305 1561 1362 ita
1586 1306 1849 1363 numeris
1876 1306 2149 1363 omnibus
2177 1306 2520 1363 absolutum
2546 1325 2671 1363 esse

363 1422 622 1462 censeam
651 1402 1031 1481 (quamquam
1056 1411 1340 1460 neutrum
1379 1404 1563 1461 oculis
1599 1423 1862 1480 unquam
1888 1404 2326 1481 usurpaverim)
2353 1414 2427 1462 ut
2464 1404 2668 1481 piacu-

247 1493 332 1561 [2]
361 1502 490 1560 lum
517 1502 596 1559 sit
625 1500 636 1582 1
661 1522 797 1561 eum
831 1502 1059 1577 ingenii-
1083 1501 1200 1559 mei
1235 1501 1410 1578 culpa
1448 1502 1725 1561 deterere.
1810 1502 1882 1559 Id
1908 1501 2043 1561 sam:²
2074 1522 2167 1560 me
2205 1504 2440 1579 pungit,
2482 1501 2665 1579 quod,

359 1600 425 1657 in
450 1600 831 1677 propatulum
859 1597 1074 1667 educti,
1098 1598 1468 1657 eruditorum
1495 1600 1766 1658 manibus
1791 1612 1911 1657 non
1937 1607 2225 1669 terantur,
2257 1598 2377 1675 quo
2408 1599 2539 1657 fons
2565 1602 2670 1658 ille

359 1699 679 1755 obturetur
705 1718 737 1755 e
762 1717 880 1772 quo
907 1695 1102 1755 caeteri
1129 1697 1458 1775 scriptoreS,
1482 1698 1885 1759 Hibernorum
1904 1698 2038 1757 odio
2054 1698 2289 1769 imbuti,
2318 1699 2667 1758 maledicen-

359 1796 456 1853 tiae
483 1816 601 1854 suae
625 1796 706 1854 fel
729 1795 1070 1854 hauserunt.
2370 1864 2378 1871 ‚

474 1894 683 1971 Neque
706 1902 902 1953 tamen
927 1896 1155 1955 consilii
1180 1896 1296 1954 mei
1332 1905 1438 1966 est,
1478 1890 1603 1955 nec'
1622 1896 1859 1973 ingenii,
1894 1916 2001 1955 nec
2040 1896 2220 1973 etiam
2253 1897 2378 1967 otii,
2410 1897 2665 1975 singula,

356 2013 486 2069 quae
521 1996 584 2051 in
618 1995 929 2071 populares
963 2001 1120 2053 meos
1164 1983 1442 2054 Giraldus
1486 1996 1747 2055 effutivit
1787 1996 2147 2066 convellere3
2197 1994 2261 2051 id
2296 2014 2329 2053 a
2368 1996 2667 2073 praeclaris

353 2092 473 2149 illis
498 2093 852 2175 patriaesuae
879 2093 1272 2151 columinibus
1299 2091 1599 2151 cumulate
1621 2092 1954 2169 praestitum
1974 2111 2095 2150 esse
2120 2112 2239 2149 non
2264 2090 2515 2169 ambigo·
2530 2093 2546 2107 “
2566 2094 2668 2151 11Ιί

347 2210 590 2259 messem
621 2190 760 2253 ante
797 2194 1079 2262 fecerunt,
1123 2212 1229 2268 ego
1268 2193 1455 2269 spicas
1496 2193 1642 2267 leg0,
1686 2200 1747 2250 et
1786 2189 2006 2249 cursim
2044 2190 2280 2254 tantum
2320 2191 2394 2248 ad
2412 2235 2417 2240 -
2436 2191 2668 2249 Giraldi

347 2311 542 2351 naevos
565 2254 739 2350 fidem
765 2292 940 2351 dictis
963 2292 1092 2366 ejus
1133 2292 1480 2367 abrogantes
1506 2290 1765 2367 digitum
1791 2289 2050 2357 intendo,
2081 2288 2151 2347 eo
2180 2288 2476 2347 duntaxat
2504 2309 2667 2365 spec-

346 2399 496 2463 tans,
517 2400 592 2450 ut
617 2392 972 2450 nostratium
999 2389 1230 2447 silentio
1251 2388 1579 2446 authoritas
1600 2388 1693 2445 illi
1711 2408 1829 2446 non
1849 2395 2151 2457 accrescat,
2174 2406 2249 2445 ne
2270 2388 2333 2444 in
2349 2388 2667 2446 veritatem

345 2508 464 2547 non
487 2490 796 2566 impegisse
821 2495 1140 2557 censeatur,
1162 2498 1338 2563 quam
1352 2487 1667 2545 vetustatis
1694 2485 1941 2563 erugine
1966 2485 2194 2562 pridem
2221 2486 2471 2543 obsitam
2490 2505 2665 2543 nemo

343 2586 606 2662 graviter
631 2588 781 2644 feret
807 2585 1242 2661 disceptationis
1269 2584 1423 2659 igne,
1456 2579 1745 2659 ‘tanquam
1773 2603 1987 2641 aurum
2014 2583 2265 2640 dubium
2292 2567 2530 2640 tandem
2556 2580 2666 2641 a'li-

345 2684 577 2759 quando
604 2684 914 2759 explorari,
945 2692 1020 2741 ut
1039 2682 1202 2741 erasa
1229 2682 1429 2740 scoria·
1444 2680 1805 2759 splendidius
1833 2684 2129 2741 enitescat.
2193 2684 2351 2740 Talis
2380 2684 2538 2741 enim
2572 2694 2667 2743 est

342 2780 612 2838 veritatis
637 2780 875 2850 indoleS,
914 2788 988 2838 ut
1013 2799 1316 2855 nunquam
1343 2780 1484 2837 adeo
1512 2780 1875 2851 debilitetur,
1907 2778 2072 2857 quod
2093 2766 2449 2857 'aliquandiu
2474 2781 2665 2839 homi-

343 2900 489 2937 num
516 2880 836 2956 cognitioni
863 2879 1155 2937 subducta
1181 2879 1364 2937 fuerit
1387 2902 1403 2949 3
1446 2880 1682 2938 nullum
1717 2879 1967 2937 dedecus
2004 2879 2328 2950 contrahet,
2370 2878 2533 2955 qued
2566 2881 2666 2938 illi

343 2979 434 3037 vis
454 2980 527 3037 ab
548 2978 892 3037 adversariis
908 2977 1200 3035 inferatur
1221 3000 1238 3047 ς
1267 2997 1384 3035 non
1403 2978 1706 3036 minimam
1722 2978 2029 3055 dignitatis
2052 2979 2349 3053 jacturam
2370 2966 2661 3056 patiatur,

343 3076 508 3153 quod
533 3078 740 3153 fulgur
767 3076 899 3152 ejus
937 3075 1154 3133 fabulis
1183 3082 1463 3150 tanquam
1490 3076 1691 3152 eclipsi
1729 3076 2018 3153 tantisper
2058 3076 2405 3135 obducatur.
2486 3076 2550 3135 N
2550 3096 2663 3134 un-

341 3195 519 3251 quam
544 3176 773 3234 tamdiu
799 3175 1105 3243 delitescit,
1136 3174 1282 3249 quin
1309 3174 1622 3249 aliquando
1648 3183 1936 3253 erumpat,
1967 3182 2027 3233 et
2052 3176 2244 3251 palam
2270 3194 2333 3233 se
2347 3175 2664 3234 videndam

339 3276 630 3335 exhibeat.
689 3276 852 3345 Eam,
883 3275 967 3332 ait
995 3274 1220 3343 LiviuS,
1250 3273 1517 3331 laborare
1546 3293 1708 3351 saepe,
1740 3294 2045 3351 nunquam
2072 3274 2363 3349 extingui.
2428 3274 2545 3331 Illa
2568 3275 2660 3333 ni-

338 3374 557 3432 mirum
583 3372 836 3450 prodita,
866 3372 1178 3441 mendacia,
1213 3372 1653 3448 quantumlibet
1688 3372 2016 3443 artificiose,
2058 3374 2499 3449 quantumlibet
2524 3393 2661 3451 ope-

403 3558 426 3591 ἃ
449 3560 563 3607 This
583 3560 714 3607 work
729 3559 781 3605 of
799 3558 1120 3617 O'Sullivan’s,
1145 3558 1187 3605 if
1205 3561 1385 3616 extant,
1405 3557 1448 3603 is
1546 3558 1691 3606 tolled
1707 3559 1787 3606 the
1808 3559 2046 3619 authority
2062 3559 2115 3605 of
2131 3558 2364 3616 Giraldus,
2390 3559 2483 3604 and
2498 3557 2663 3618 copied

273 3682 276 3687 .
339 3628 422 3691 n‘ot
442 3646 616 3691 known
637 3650 686 3692 to
699 3645 788 3692 the
807 3644 988 3690 Editor.
1544 3644 1619 3691 his
1654 3644 1938 3691 calumniesz
1982 3646 2011 3670 ‘⁵
2028 3644 2185 3704 Hujus
2224 3644 2438 3692 silvestri
2461 3643 2661 3702 Giraldi,

403 3730 614 3787 ‘white
638 3730 688 3776 in
709 3730 784 3775 his
805 3730 996 3788 preface,
1021 3728 1174 3775 which
1195 3740 1292 3774 was
1313 3726 1447 3773 writ-
1544 3729 1880 3786 auctoritatem,
1916 3729 2069 3785 fidem,
2094 3727 2281 3787 scripta,
2320 3726 2581 3786 suspiciunt
2615 3735 2665 3775 et

337 3817 416 3861 ten
438 3812 620 3873 shortly
647 3814 766 3861 after
785 3815 926 3869 1602,
944 3811 1199 3871 complains
1228 3810 1334 3856 that
1357 3810 1445 3857 Le-
1548 3810 1847 3871 amplissimis
1878 3811 2030 3858 verbis
2052 3811 2375 3871 depraedicant,
2407 3825 2501 3858 non
2523 3814 2663 3863 modo

338 3897 460 3957 land,
487 3897 670 3959 Lhuyd,
698 3899 791 3945 and
828 3897 1074 3959 especially
1098 3897 1318 3953 Camden,
1351 3908 1440 3941 ex·
1543 3897 1769 3943 nominati
1785 3896 2004 3955 haeretici,
2031 3897 2111 3943 sed
2128 3902 2175 3944 et
2191 3896 2269 3945 alii
2300 3898 2509 3959 ejusdem
2533 3878 2661 3964 oryli-
