2834 4467
316 210 439 276 396
1088 226 1502 271 cAMBREusis
1531 218 1856 269 Evsnsus!
2335 226 2488 290 [Cn.
2515 228 2642 274 vn..

312 382 468 457 apud
498 383 713 457 Regem
749 400 865 438 non
905 382 983 437 sit
1018 370 1422 437 insimulatus:
1465 380 1570 454 qui
1608 377 1842 434 tantum
1869 378 2050 446 abest,
2091 378 2252 434 utin
2291 377 2468 433 illum
2504 377 2646 433 ullo

311 488 481 555 pacto
508 480 1004 547 animadverterit,
1026 486 1097 535 ut
1117 478 1315 553 potius
1332 496 1469 533 eum
1497 494 1724 532 summo
1750 476 1876 541 loco
1898 493 2122 550 semper
2141 474 2440 541 habuerit,
2466 474 2646 549 dapi-

311 578 422 633 feri
448 575 739 652 dignitate
773 596 1077 651 nunquam
1114 574 1363 642 exuerit,
1386 574 1534 648 Regi
1557 572 1859 629 Hiberniae
1895 571 1967 627 ad
2013 578 2048 603 “
2069 570 2500 628 Concordiam”
2533 571 2645 626 ad-

310 675 576 731 ducendo
619 675 975 741 adhibuerit,
1022 672 1293 748 plurimis
1332 672 1534 728 fundis
1579 672 1642 726 in
1689 690 1830 745 agro
1877 670 2280 737 Limbricensi,
2332 678 2394 725 et
2433 668 2646 744 ampla

310 780 603 847 potestate
643 773 705 828 in
736 772 1172 829 Wexfordiensi
1210 771 1572 826 donaverit-⁷³⁷.
1664 770 1754 825 Ut
1795 770 1859 824 in
1901 768 2030 842 ejus
2071 768 2466 842 patrocinium
2513 786 2644 823 non

311 870 542 927 traham
570 868 733 945 quod
762 870 1070 927 Guillelmi
1098 868 1515 943 Conquestoris
1547 867 1778 923 nomine
1805 886 1838 923 a
1863 867 2252 941 scriptoribus
2278 866 2498 923 nostris
2543 867 2642 922 in-

313 969 661 1043 signiaturffz
694 968 931 1025 eandem
959 968 1403 1043 appellationem
1433 984 1570 1021 cum
1585 966 1903 1021 decantato
1943 966 2046 1021 illo
2077 965 2398 1023 Guillelmo
2427 964 2486 1020 N
2485 964 2642 1021 otho

310 1066 589 1135 sortitus3
620 1065 783 1140 quod
820 1065 995 1122 simili
1027 1084 1266 1139 prorsus
1295 1064 1536 1132 ratione,
1566 1062 1664 1119 hic
1691 1063 1990 1138 Angliam,
2019 1063 2123 1121 ille
2151 1061 2500 1119 Hiberniam
2529 1080 2639 1118 ex-

310 1154 693 1240 pugnaverit3
736 1162 895 1239 quod
930 1164 1093 1240 prole
1130 1163 1454 1230 foecundus,
1495 1170 1554 1219 et
1597 1162 1972 1218 nobilissimae
2009 1163 2350 1237 Burgorum
2388 1160 2636 1217 familiae

309 1264 540 1337 generis
567 1240 781 1320 autbor
808 1264 942 1319 fuit.
1026 1264 1214 1337 Cujus
1243 1280 1500 1338 propago
1527 1260 1668 1318 adeo
1697 1260 1868 1336 longe
1896 1259 2132 1335 lateque
2149 1280 2254 1335 per
2275 1260 2638 1316 Hiberniam

310 1361 527 1418 diffusa
552 1370 657 1431 est,
680 1363 836 1419 utin
858 1363 943 1418 sin
950 1362 1107 1436 gulis
1126 1362 1339 1418 Insulae
1360 1360 1731 1435 regionibusr
1741 1359 2060 1415 latifundia·
2083 1359 2354 1433 plurima,
2385 1341 2450 1415 et
2471 1378 2638 1414 sum-

311 1479 464 1518 mam
493 1461 843 1537 plerumque
860 1460 1313 1517 dominationem
1333 1457 1635 1516 retulerit:
1673 1456 2000 1513 honorariis
2030 1456 2242 1525 titulis,
2273 1464 2334 1512 et
2355 1455 2638 1530 suprema

310 1576 510 1614 rerum
538 1559 1041 1617 administratione
1067 1556 1379 1633 saepissime
1408 1557 1612 1631 potita.

430 1656 545 1713 Sed
575 1656 851 1712 Giraldus
879 1678 910 1713 a
950 1655 1292 1712 Aldelmidae
1320 1655 1597 1711 conviciis
1623 1654 2062 1729 proscindendO,
2101 1653 2174 1709 ad
2200 1661 2472 1728 nepotem
2499 1654 2638 1726 ejus

314 1752 665 1809 Gualterum
692 1754 872 1809 simili
906 1753 1132 1827 injuria
1160 1752 1626 1827 persequendum
1669 1752 1946 1819 transilit,
1987 1771 2159 1833 quem
2193 1756 2230 1782 “
2249 1750 2637 1809 Allemanum

310 1851 745 1925 nuncupatione
770 1871 887 1907 non
914 1850 1145 1919 natura,
1175 1870 1290 1907 non
1322 1849 1569 1919 statura,
1609 1851 1682 1905 ab
1709 1850 1990 1906 avunculi
2017 1850 2280 1906 moribus
2308 1867 2426 1905 non
2457 1849 2638 1925 dege-

308 1948 541 2005 nerasse
567 1948 809 2005 dicit⁵⁹.”
887 1948 1114 2005 Deinde
1135 1948 1464 2004 Robertum
1491 1948 1744 2004 Poerum
1777 1947 2292 2007 “maledicentiae.”
2321 1948 2638 2022 aspergine

307 2046 581 2102 irroratffl.
656 2045 770 2102 Sed
800 2045 863 2101 in
884 2046 1201 2101 Hervaeum
1228 2063 1261 2100 a
1283 2033 1486 2099 Monte
1507 2044 1802 2099 Maurisco
1828 2025 2254 2100 invectivarum
2281 2051 2632 2114 torrentem,

308 2144 475 2218 quasi
503 2153 681 2218 rupto
719 2164 929 2219 aggere
965 2142 1234 2201 effundit.
1316 2144 1474 2199 Eum
1501 2143 1658 2199 enim
1685 2142 1882 2217 inquit
1927 2149 1963 2174 “
1985 2143 2162 2199 variis
2191 2143 2478 2199 vitiorum
2507 2163 2638 2200 ma-

308 2243 457 2299 culis
485 2244 710 2299 malitia
730 2244 1183 2310 deformaverat3
1213 2250 1339 2299 erat
1360 2242 1577 2316 quippe
1604 2241 1702 2296 vir
1723 2241 2040 2315 &pueritia
2068 2242 2268 2298 veneri
2297 2241 2491 2307 datuS,
2522 2261 2638 2300 nec

308 2340 569 2407 incestus
596 2342 768 2410 ullos,
800 2340 1222 2419 nec-adulteria
1250 2341 1474 2407 vitans;
1504 2339 1598 2395 vir
1624 2340 1878 2408 invidUS,
1901 2340 2149 2408 delator,
2181 2349 2241 2397 et
2269 2339 2514 2415 dupleX,
2535 2342 2637 2399 vir

310 2440 609 2507 subdolus,
648 2440 872 2498 facetus
908 2449 967 2497 et
1004 2441 1204 2508 fallax,
1244 2439 1418 2512 cujus
1458 2440 1570 2494 sub
1611 2438 1818 2515 lingua
1853 2440 1985 2507 mel,
2017 2448 2077 2497 et
2113 2440 2202 2495 lac
2229 2459 2452 2497 veneno
2491 2460 2635 2497 con-

310 2545 493 2593 tecta:
536 2538 629 2593 vir
658 2558 839 2614 vagus
877 2546 937 2595 et
962 2556 1150 2594 vanus
1184 2545 1398 2611 praeter
1439 2536 1844 2593 inconstantiae
1887 2538 2082 2605 soliuS,
2123 2538 2348 2593 nullius
2375 2539 2463 2595 rei
2491 2558 2634 2595 con-

310 2636 591 2691 stantiam
607 2635 842 2705 habens,
866 2637 959 2693 vir
977 2636 1116 2691 olim
1141 2634 1366 2691 Gallica
1386 2633 1602 2689 militia
1623 2643 1919 2703 strenuus,
1941 2635 2039 2691 sed
2058 2635 2231 2692 hodie
2251 2636 2384 2710 plus
2401 2635 2636 2710 liabens

234 2808 239 2813 .
308 2732 547 2789 malitiae
576 2734 755 2807 quam
774 2733 1017 2803 militiae,
1037 2733 1171 2809 plus
1199 2732 1441 2801 fraudis»,
1461 2732 1641 2807 quam
1661 2732 1869 2801 laudis,
1892 2733 2028 2808 plus
2054 2734 2426 2790 verbositatis
2445 2735 2634 2809 quam

309 2830 681 2887 veritatis⁶1.”

412 2898 548 2986 N'Sed
577 2929 993 2986 Stanihurstus
1020 2948 1267 3004 magnus
1294 2930 1516 3004 alioqui
1545 2928 1772 2987 Giraldi
1799 2930 2010 2999 cultor,
2059 2935 2096 2963 ‘⁶
2112 2931 2300 2987 nescit
2325 2950 2400 2987 an
2431 2931 2632 2988 Giral-

378 3138 417 3169 5⁷
436 3136 547 3181 Hib.
572 3136 761 3195 Expug.
778 3135 859 3182 lib.
883 3136 914 3182 i.
939 3150 977 3181 c.
1005 3138 1081 3183 32.
1165 3138 1205 3171 ⁵⁸
1228 3136 1464 3183 Warraeus
1485 3134 1647 3194 Antiq.
1673 3134 1784 3181 Hi'b.
1809 3148 1853 3193 p.
1875 3136 1984 3180 241.
2052 3136 2093 3168 ⁵⁹
2111 3135 2224 3181 Hib.
2249 3136 2438 3197 Expug.
2466 3136 2548 3183 lib.
2575 3138 2626 3185 ii.

312 3216 353 3247 c.
377 3202 451 3247 15.
530 3203 571 3234 ⁶⁰
588 3200 705 3246 Ibid.
726 3216 764 3246 c.
792 3203 836 3246 9.
916 3203 953 3234 61
974 3200 1091 3247 Ibid.
1117 3215 1182 3247 cc.
1212 3203 1284 3258 11,
1313 3203 1387 3246 19.
1581 3214 1584 3217 ’

244 3401 251 3413 “
317 3392 449 3461 have.
468 3402 605 3452 sou·
623 3390 801 3449 weight
835 3390 876 3435 if
902 3391 984 3435 the
1020 3394 1160 3436 most·
1174 3389 1422 3437 successful
1519 3388 1656 3434 laden
1677 3388 1794 3433 with
1815 3386 1938 3446 gold,
1966 3386 2118 3445 silver,
2155 3389 2246 3434 and
2270 3402 2450 3447 money,
2471 3390 2632 3435 which

317 3477 504 3523 robbers
533 3490 653 3521 were
688 3480 773 3520 not
804 3476 853 3520 in
887 3476 1017 3521 those
1046 3476 1163 3535 days
1194 3476 1319 3521 often
1349 3490 1423 3521 re-
1519 3473 1578 3518 he
1613 3474 1707 3517 had
1745 3473 1940 3517 exacted
1974 3474 2022 3517 in
2057 3488 2198 3533 every
2228 3473 2358 3531 place
2379 3474 2533 3520 where
2567 3476 2630 3521 he

318 3560 493 3619 garded
516 3573 569 3605 as
584 3560 665 3604 the
680 3563 801 3604 most
813 3558 939 3619 loyal
956 3559 1155 3617 subjecte
1171 3559 1263 3604 and
1279 3559 1422 3604 faith-
1515 3568 1662 3615 came,
1697 3558 1767 3604 for
1789 3559 1919 3605 other
1939 3560 2062 3617 good
2084 3560 2142 3605 he
2175 3560 2256 3605 did
2275 3560 2628 3609 none.”--Hib.

320 3644 391 3688 ful
412 3648 637 3689 servants.
674 3643 831 3701 Philip
844 3644 895 3689 of
911 3644 1185 3700 Worcester,
1205 3644 1311 3689 who
1326 3658 1424 3689 was
1523 3642 1714 3702 Expuy.
1739 3643 1818 3688 lib.
1843 3644 1890 3688 ii.
1917 3656 1954 3688 c.
1981 3644 2058 3690 27.

318 3732 423 3771 sent
460 3740 570 3771 over
600 3739 651 3770 as
686 3726 862 3785 deputy
896 3726 1013 3771 after
1047 3727 1118 3772 De
1140 3726 1279 3785 Lacy,
1326 3728 1423 3772 “to
1586 3733 1610 3767 8
1635 3728 1709 3772 He
1730 3728 1771 3773 is
1794 3732 1875 3773 not
1896 3726 2043 3773 called
2067 3726 2332 3785 Conqueror
2351 3728 2404 3773 of
2424 3728 2628 3789 Ireland‚

319 3808 457 3867 bring
474 3809 553 3853 the
574 3808 684 3853 land
706 3813 755 3854 to
776 3809 949 3866 order‚’'
971 3810 1143 3855 robbcd
1159 3810 1237 3855 the
1250 3810 1425 3855 church
1523 3814 1608 3858 but
1629 3814 1681 3858 of
1698 3814 1989 3879 Connaught,
2025 3816 2116 3861 and
2138 3816 2242 3861 that
2263 3814 2542 3875 principauy
2565 3818 2636 3876 by

319 3893 373 3938 of
400 3892 624 3952 Armagh,
656 3894 749 3939 and
786 3895 1000 3941 returned
1039 3900 1087 3940 to
1121 3895 1295 3941 Dublin
1317 3895 1424 3941 well
1524 3900 1602 3943 the
1625 3898 1906 3959 Connaught
1925 3886 2180 3958 Annalists,
2214 3902 2404 3947 because
2426 3915 2554 3949 some
2583 3904 2640 3949 of
