2834 4467
331 205 457 284 212
1104 228 1514 283 cinnanum
1543 236 1856 285 nvnasus.
2167 282 2172 287 .
2369 240 2521 307 [em
2546 242 2640 291 111.

328 392 548 450 civium
576 376 754 449 classe
787 390 1053 449 exclusos
1080 391 1260 449 fuisse
1285 380 1652 451 luculentius
1686 366 1960 464 ostendit,
1984 390 2179 469 ‘quam
2206 391 2370 469 quod
2400 392 2644 469 Anglici

325 491 483 565 juris
501 490 781 547 beneficio
798 490 979 566 potiri
1004 488 1140 547 ante
1161 508 1279 547 non
1304 499 1596 566 poterant,
1621 491 1797 566 quam
1823 510 1942 549 suae
1961 491 2119 549 inter
2143 491 2422 567 Anglicos
2443 491 2644 566 inqui-

328 590 484 647 linos
510 588 917 667 adscriptionis
934 588 1188 664 diploma
1211 588 1668 665 impetrarunt&
1741 590 1994 666 Aliquot
2015 590 2302 665 ejusmodi
2321 588 2644 665 diplomata

330 688 607 745 Davisius
626 687 895 745 exhibet:
924 685 1220 761 additque,
1252 686 1302 743 si
1322 686 1517 743 omnia
1543 686 1828 761 ejusmodi
1849 684 2068 763 scripta
2094 707 2221 763 quae
2242 687 2304 743 in
2332 687 2644 743 tabulariis

328 795 613 863 prostant,
645 804 751 843 suo
776 784 931 843 libro
967 784 1220 843 inserere
1240 784 1680 861 aggrederetur,
1725 785 2136 860 spississimum
2163 804 2244 842 ex.
2263 784 2336 841 iis
2363 785 2646 855 volumen

330 904 391 943 se
417 885 826 953 conflaturum,
848 883 985 941 cum
1006 902 1209 941 eorum
1236 901 1381 940 usus
1402 875 1534 959 post
1553 884 1876 941 Henricum
1902 882 2239 941 Secundum
2258 881 2327 939 ad
2348 882 2642 941 Jacobum

327 1003 523 1060 regem
550 981 831 1055 continue
852 981 1325 1057 cohaerenterque
1350 982 1847 1056 frequentaretur.
1904 1042 1908 1047 ,
2175 972 2182 981 ’

336 1110 349 1117 ’
451 1080 815 1157 Hujusmodi
850 1066 1271 1137 concessionem
1308 1100 1341 1135 a
1370 1078 1596 1137 Thoma
1623 1080 1872 1138 Butlero
1898 1079 2284 1137 Kilmenaniae
2321 1078 2545 1149 Priore,
2581 1088 2642 1137 et

330 1168 633 1239 Hiberniae
678 1182 921 1256 prorege
953 1178 1087 1256 (qui
1120 1178 1448 1236 Henricum
1491 1178 1788 1246 Quintum·
1827 1178 2134 1235 Harfluam
2174 1178 2476 1235 obsidione
2517 1178 2642 1234 cin-

329 1288 566 1357 gentem
590 1279 754 1337 mille
780 1281 1239 1356 quingentorum
1268 1277 1674 1334 Hibernorum
1717 1277 1978 1335 subsidio
2000 1275 2232 1352 juvitss)
2261 1264 2547 1343 collatam,
2575 1276 2641 1333 in

330 1380 683 1446 membrano,
714 1378 839 1435 situ
875 1384 936 1435 et
976 1376 1309 1434 charactere
1332 1382 1690 1435 vetustatem
1718 1373 2010 1432 indicante
2034 1383 2244 1433 nactus
2271 1394 2420 1444 sum,
2463 1394 2642 1451 quam

330 1475 429 1535 hic
458 1476 735 1551 subjicio:

438 1584 477 1611 “
499 1576 795 1633 Hem-icus
817 1575 928 1633 Dei
948 1575 1142 1651 gratia
1160 1594 1268 1632 rex
1290 1574 1522 1650 Angliae
1543 1581 1602 1633 et
1625 1572 1900 1641 Franciae,
1922 1581 1986 1630 et
2007 1573 2296 1630 Dominus
2317 1572 2640 1641 Hiberniae,

329 1676 599 1734 omnibus
638 1674 866 1743 balivis,
909 1682 971 1731 et
1010 1673 1285 1731 fidelibus
1325 1673 1448 1729 suis
1487 1671 1560 1729 ad
1601 1690 1746 1747 quos
1786 1678 2084 1747 presentes
2123 1670 2213 1727 hae
2244 1670 2640 1747 pervenerint,

330 1774 595 1831 salutem.
658 1772 868 1835 Sciatis
896 1769 1058 1847 quod
1085 1791 1189 1828 nos
1208 1770 1472 1828 volentes
1494 1770 1809 1847 Symonem
1839 1770 2112 1839 O’Kellii,
2142 1770 2184 1827 J
2186 1788 2429 1826 oannem
2447 1768 2644 1825 filium

329 1872 547 1947 Rogeri
574 1872 817 1941 Hassan,
849 1872 890 1930 J
892 1889 1135 1927 oannem
1161 1869 1367 1927 filium
1382 1870 1656 1946 Hugonis
1693 1870 1937 1938 Hassan‚
1972 1879 2032 1927 et
2059 1867 2420 1926 Richardum
2445 1868 2644 1925 filium

330 1970 547 2047 Rogeri
583 1971 831 2039 Hassan,
870 1969 943 2027 de
966 1970 1202 2028 natione
1229 1969 1606 2027 Hibernicale
1633 1968 1952 2027 existentes
1977 1969 2177 2026 favore
2201 1967 2479 2043 prosequi
2507 1986 2643 2043 gra·

290 2067 307 2090 ⁸
330 2070 497 2137 tios0,
540 2069 613 2127 de
650 2068 843 2145 gratia
882 2068 1084 2127 nostr&
1112 2070 1343 2145 speciali
1374 2068 1448 2126 de
1483 2068 1838 2125 avisamento
1864 2066 2063 2124 dilecti
2101 2067 2270 2123 nobis
2309 2067 2373 2122 in
2401 2064 2646 2123 Christo

328 2168 531 2227 fratris
561 2168 795 2227 Thomae
828 2168 901 2226 de
935 2168 1191 2226 Bottiler
1229 2168 1454 2225 Prioris
1495 2167 1820 2243 Hospitalis
1849 2166 1908 2225 S.
1936 2168 1977 2225 J
1979 2166 2180 2223 oannis
2208 2165 2538 2225 Jerusalem
2580 2164 2644 2220 in

331 2266 624 2327 Hibernia
651 2266 968 2344 Deputati3
1006 2265 1331 2323 charissimi
1355 2265 1558 2321 fratris
1582 2264 1772 2321 nostri
1799 2262 2033 2321 Thomae
2060 2263 2133 2321 de
2161 2263 2505 2330 Lancastrae,
2537 2260 2644 2319 Se-

330 2366 569 2423 nescalli
608 2364 861 2441 Angliae,
904 2364 1099 2421 locum
1144 2372 1415 2421 nostrum
1455 2362 1710 2420 tenentis
1745 2370 1917 2419 terrae
1953 2371 2167 2419 nostrae
2210 2360 2530 2429 Hiberniae,
2581 2348 2648 2417 et

331 2464 561 2523 consilii
586 2464 680 2521 sui
706 2462 1108 2533 concessimus
1153 2461 1315 2538 quod
1340 2460 1472 2538 ipsi,
1514 2469 1575 2517 et
1605 2462 1805 2518 exitus
1839 2460 1950 2531 sui,
1983 2461 2276 2537 procreati
2315 2468 2376 2518 et
2405 2479 2642 2536 procre-

332 2562 488 2631 andi,
516 2562 690 2620 liberi
716 2563 838 2619 sint
878 2560 1083 2630 statiis,
1113 2570 1176 2620 et
1200 2561 1397 2618 liberae
1425 2554 1793 2628 conditioniS,
1823 2568 1884 2617 et
1917 2558 2079 2635 quod
2105 2561 2215 2637 ipsi
2243 2560 2398 2635 leges
2425 2559 2645 2635 Angli-

332 2679 502 2718 canas
518 2686 523 2689 ·
540 2653 771 2728 habere,
816 2668 877 2717 et
906 2660 980 2716 iis
1019 2660 1291 2735 gaudere,
1330 2678 1397 2715 ac
1442 2678 1550 2735 per
1579 2677 1672 2715 eas
1717 2659 2064 2735 respondere
2103 2668 2165 2717 et
2204 2658 2540 2735 responderi
2581 2668 2646 2716 et

331 2757 517 2817 libere
541 2778 731 2816 emere
756 2767 818 2817 et
842 2758 1107 2828 vendere,
1132 2778 1197 2816 ac
1225 2766 1428 2826 terras,
1449 2766 1781 2815 tenementa
1805 2767 1866 2816 et
1891 2758 2032 2814 ali'as
2057 2758 2438 2834 possessiones
2467 2776 2643 2833 quas·

331 2876 585 2932 cumque
609 2840 767 2913 inter
794 2857 1077 2932 Anglicos
1103 2857 1165 2912 in
1200 2855 1369 2913 feodo
1396 2855 1667 2931 simplici,
1697 2864 1802 2912 aut
1828 2855 1944 2912 alio
1968 2855 2140 2913 modo
2167 2874 2520 2931 quocunque
2537 2856 2643 2912 ad-

333 2957 583 3033 quirere,
627 2976 847 3014 necnon
882 2956 962 3013 ·ad
988 2956 1304 3031 dignitates
1337 2964 1399 3012 et
1433 2954 1713 3012 beneficia
1743 2954 2126 3012 ecclesiastica
2161 2963 2282 3011 tam
2310 2955 2646 3031 spiritualia

332 3057 512 3133 quam
541 3056 898 3132 ·temporalia
932 3056 1281 3132 promoveri,
1326 3073 1510 3129 eaque
1552 3051 1768 3111 habere
1801 3062 1872 3111 et·
1903 3062 2120 3123 tenere,
2163 3071 2230 3111 ac
2271 3054 2354 3110 eis
2391 3061 2466 3110 ut
2500 3052 2644 3111 vere

330 3156 570 3231 Anglici
605 3156 858 3232 gaudere
895 3152 1122 3232 possint
1162 3155 1382 3229 absque
1422 3148 1790 3228 impetitione
1828 3150 2046 3222 nostra,
2076 3152 2374 3210 haeredum
2399 3152 2496 3220 vel
2529 3154 2636 3209 mi-

329 3256 653 3312 nistrorum
700 3258 1037 3311 nostrorum
1084 3271 1589 3328 quorumcunque,
1635 3252 1895 3309 volentes
1937 3249 2098 3328 quod
2137 3252 2252 3327 ipsi
2291 3258 2398 3309 aut
2435 3269 2642 3308 eorum

330 3356 544 3430 aliquis
570 3353 663 3412 vel
689 3353 943 3411 haeredes
984 3352 1093 3423 sui,
1132 3372 1239 3429 pro
1266 3352 1563 3427 aliquibus
1589 3351 1764 3408 terris
1802 3370 1906 3408 seu
1933 3350 2296 3417 tenementis,
2334 3368 2438 3427 per
2463 3350 2638 3425 iPSOS‚

332 3472 435 3514 seu
463 3471 679 3510 eorum·
701 3452 974 3526 aliquem,
1015 3460 1161 3510 ante.
1187 3444 1311 3508 haic
1338 3460 1602 3526 tempora
1628 3449 1952 3525 adquisitis,
1983 3469 2088 3525 per
2113 3469 2235 3519 n08,
2264 3449 2357 3507 vel
2384 3449 2643 3506 haeredes

330 3560 561 3608 nostros
588 3569 690 3609 seu
716 3550 1015 3607 ministros
1037 3566 1417 3624 quoscunque
1443 3548 1822 3623 impetantur,
1853 3548 2177 3605 turbentur
2205 3547 2267 3603 in
2293 3547 2506 3621 aliquo,
2537 3566 2644 3603 seu

332 3655 670 3724 graventur.
754 3648 836 3704 Et
868 3646 1124 3705 ulterius
1162 3653 1401 3713 statum,
1441 3654 1502 3701 et
1529 3646 1959 3721 possessionem,
2006 3665 2182 3721 quam
2217 3645 2365 3703 dicti
2400 3645 2641 3722 symon,

335 3725 607 3815 ‹Ioannes,⁴
653 3745 694 3804 ,J
696 3764 926 3815 oannes,
970 3753 1031 3801 et
1057 3741 1386 3801 Richardus
1429 3743 1651 3800 habent
1686 3744 1748 3800 in
1790 3743 2134 3819 hujusmodi
2177 3744 2368 3813 terris,
2411 3762 2518 3820 per
2545 3763 2645 3801 eos

1002 3934 1043 3968 ⁴⁸
1065 3934 1227 3992 Davis,
1253 3948 1328 3993 pp.
1354 3934 1434 3992 85,
1462 3934 1539 3979 86.
1607 3933 1648 3966 ⁴⁹
1671 3933 1806 3992 rbid„
1830 3948 1875 3993 p.
1901 3936 1978 4011 ¹72.
