2834 4467
311 202 437 268 222
1086 219 1496 265 causamme
1525 219 1836 268 amasus.

2349 222 2501 289 [Gnr-
2527 226 2622 273 111·-

302 373 620 445 inculcant,
649 373 1147 459 quam'Hibernos
1174 374 1389 450 Anglis
1415 362 1700 446 cultiores
1725 391 1860 433 suos
1890 392 2080 432 mores
2105 382 2374 450 acceptos
2399 374 2622 433 referre

302 472 529 541 debere,
572 490 708 530 cum
734 491 934 529 omnes
961 470 1163 548 potius
1188 471 1409 530 virium
1445 490 1512 530 ac
1537 471 1760 548 ingenii
1798 490 2008 529 nervos
2033 471 2108 529 ad
2130 472 2460 530 barbariem
2498 471 2622 529 illis

302 570 487 628 altius
522 569 885 627 inserendam
924 568 990 625 hi
1026 588 1174 645 saepe
1200 568 1586 639 intenderint,
1627 569 1778 626 nihil
1813 569 1998 644 magis
2036 569 2102 627 in
2128 569 2282 627 votis
2318 570 2618 639 habentes,

304 669 481 744 quam
523 677 595 727 ut
630 661 975 726 indomitam
1004 667 1095 724 illi
1119 667 1413 726 feritatem
1451 686 1678 743 semper
1711 668 2020 744 spirarent.
2102 667 2234 725 Imo
2275 668 2620 744 spurcitiem

304 786 535 824 omnem
578 765 699 823 illis
725 764 1063 841 Anglorum
1096 773 1340 823 conatus
1379 764 1644 823 infixisse
1681 765 1965 823 dicendus
1999 774 2108 847 est,
2151 766 2252 840 qui
2289 784 2392 841 per
2418 766 2622 842 priora

304 864 409 921 illa
434 872 715 939 tempora,
749 859 1048 921 Hibernos
1079 881 1114 918 a
1140 862 1463 920 cultiorum
1501 862 1808 920 hominum
1849 864 2235 921 contubernio
2261 864 2333 921 ad
2361 864 2624 925 incultos

304 980 594 1029 recessus;
633 979 738 1037 per
756 959 1095 1037 posteriora,
1123 979 1159 1017 a
1180 959 1486 1019 catholica
1507 960 1623 1018 fide
1653 961 1728 1017 ad
1754 960 2020 1019 haeresim
2045 960 2281 1038 abigere
2307 961 2619 1019 contende-

304 1060 465 1116 bant.
520 1060 611 1117 Ut
638 1059 741 1134 qui
768 1058 1067 1135 religionis
1096 1058 1409 1117 Catholicae
1437 1058 1598 1128 scita,
1621 1078 1740 1118 non
1766 1060 1842 1117 ab
1867 1060 2102 1135 Anglis,
2132 1059 2227 1117 sed
2245 1047 2488 1141 aliunde
2507 1061 2618 1127 sua¹

305 1175 497 1232 nuper
522 1156 819 1213 industria
838 1163 1258 1238 perceperunt;
1285 1174 1477 1231 neque
1502 1156 1814 1217 cultiorem
1839 1157 2280 1215 institutionem
2307 1159 2381 1215 ab
2400 1157 2619 1235 Anglis

305 1255 463 1323 olim,
494 1254 594 1312 sed
614 1254 853 1311 aliunde
868 1272 1105 1329 quoque
1124 1252 1231 1311 sua
1253 1254 1494 1312 solertia
1513 1255 1874 1331 comparasse
1893 1254 2128 1313 dicendi
2153 1264 2310 1315 sunt.
2351 1257 2442 1314 Ut
2455 1256 2617 1319 recte

308 1353 638 1422 AnalecteS,
660 1352 833 1409 “illis
855 1338 1203 1409 se'assentiri
1222 1353 1541 1429 negaverit,
1561 1354 1666 1429 qui
1681 1354 1744 1409 in
1765 1353 1876 1411 hac
1895 1354 2023 1411 tot&
2043 1362 2220 1430 gente
2237 1354 2619 1431 (Hiber-nica)

307 1452 357 1509 si
372 1451 517 1526 quid
531 1450 723 1509 laudis
738 1458 845 1508 aut
860 1449 1096 1507 honoris
1110 1472 1127 1519 ς
1150 1450 1199 1507 si
1217 1450 1363 1524 quid
1379 1449 1704 1509 honestatis
1724 1460 1830 1509 aut
1840 1451 2088 1509 virtutis
2101 1474 2120 1521 ς
2141 1452 2190 1511 si
2207 1451 2351 1527 quid
2370 1452 2616 1528 ingenii,
2629 1445 2638 1455 ’

306 1549 521 1619 cultus,
552 1559 659 1608 aut
672 1550 1039 1617 ‘literaturaeg
1070 1550 1119 1606 si
1146 1549 1293 1624 quid
1318 1552 1550 1621 urbani,
1575 1551 1784 1621 decori,
1815 1552 2125 1629 splendidi,
2154 1552 2410 1635 reperire
2425 1554 2522 1623 sit,
2552 1554 2618 1611 id

304 1656 503 1707 totum
526 1648 843 1708 refundant
868 1648 933 1705 in
952 1647 1271 1723 Anglicani
1296 1648 1529 1725 imperii
1557 1649 1940 1720 moderamen,
1971 1634 2046 1709 et*
2057 1652 2432 1727 prudentiam
2443 1653 2482 1683 ”
2511 1672 2616 1711 cu-

299 1748 405 1823 jus
428 1747 515 1805 rei
539 1747 795 1803 rationes
822 1744 1031 1804 deinde
1057 1746 1334 1821 promitw.
1386 1747 1510 1805 Nec
1533 1748 1720 1825 Angli
1747 1749 1819 1807 de
1846 1750 2130 1808 Hibernis
2155 1749 2352 1825 aliqua
2373 1751 2616 1811 cultura

304 1847 637 1905 imbuendis
672 1844 967 1905 laborasse
996 1846 1137 1903 olim
1177 1846 1291 1904 visi
1327 1857 1496 1905 sunt:
1539 1846 1674 1906 cum
1701 1851 1775 1907 ab
1813 1849 2146 1907 Academiis
2174 1854 2333 1927 (quae
2360 1850 2618 1909 cultiore

304 1945 541 2021 quaque
578 1944 957 2003 institutione
989 1944 1370 2019 juventutem
1410 1944 1722 2019 excolunt)
1763 1946 1828 2003 in
1856 1946 2146 2005 Hibernia
2186 1947 2617 2008 constituendis

1048 2116 1089 2148 ⁶⁰
1112 2080 1228 2161 Pars
1254 2116 1315 2173 1⁸,
1340 2128 1385 2175 p.
1413 2118 1522 2175 156,
1546 2122 1593 2165 et
1613 2131 1797 2178 sequen.

366 2238 573 2287 ¹‘'I'hisis
594 2238 704 2297 still,
729 2238 1203 2297 asithaseverbeen,
1221 2252 1250 2285 a
1270 2238 1404 2285 favo-

299 2326 387 2373 rite
414 2327 569 2373 theme
589 2316 706 2372 with
726 2324 926 2385 English
946 2323 1140 2381 writers,
1174 2324 1267 2369 and
1288 2322 1404 2369 with

298 2413 430 2458 those
461 2412 643 2457 natives
672 2410 724 2457 os
756 2410 851 2456 this
885 2408 1050 2465 island,
1080 2408 1200 2465 who,
1240 2407 1291 2453 in
1323 2408 1403 2454 the

298 2496 531 2557 language
567 2496 621 2541 of
648 2497 727 2541 the
769 2494 847 2541 old
881 2494 1191 2541 Parliaments
1234 2493 1287 2539 of
1321 2495 1403 2540 the

300 2580 425 2637 Pale,
458 2580 625 2639 regard
652 2578 929 2625 themselves
964 2592 1017 2625 as
1052 2580 1081 2605 ‘⁴
1098 2576 1403 2637 Englishmen

298 2664 415 2711 born
456 2663 507 2711 in
552 2662 781 2710 Ireland.''
867 2663 951 2709 Dr.
978 2664 1156 2723 Lynch,
1200 2661 1399 2721 himself,

297 2750 479 2808 though
505 2748 567 2794 he
604 2749 713 2795 does
740 2747 829 2794 full
852 2748 1019 2807 justice
1050 2752 1099 2793 to
1132 2748 1213 2793 the
1243 2746 1403 2793 native

299 2832 421 2879 Irish
443 2834 494 2879 in
522 2832 617 2879 this
638 2832 784 2889 work,
824 2846 1063 2890 expresses
1093 2832 1172 2879 the
1206 2832 1401 2891 feelings

296 2918 351 2965 of
376 2919 457 2964 the
478 2918 748 2979 degenerata*
778 2916 976 2977 English
1008 2916 1211 2973 colonist,
1247 2917 1298 2963 in
1325 2916 1401 2963 his

298 2992 663 3061 Alithonbloyia.
730 3002 873 3061 Thus,
904 3002 1022 3048 after
1052 3002 1283 3061 extolling
1318 3002 1399 3048 the

296 3086 625 3147 magnificence
646 3087 740 3133 and
759 3088 888 3147 piety
908 3086 960 3133 οἳ
975 3087 1055 3133 the
1076 3084 1201 3132 chief
1216 3084 1397 3145 Anglo-

299 3172 421 3217 Irish
451 3172 625 3230 nobles,
648 3172 709 3217 he
738 3172 893 3218 writes
913 3180 947 3217 ε·
963 3170 1104 3217 “Nec
1132 3174 1397 3217 memoratae

296 3259 481 3303 tantum
503 3256 691 3303 familiae
713 3257 793 3303 sed
806 3262 852 3302 et
873 3255 979 3302 aliae
999 3256 1239 3315 pleraeque,
1266 3255 1391 3302 colo-

294 3342 385 3387 niis
400 3354 463 3387 ex
484 3341 661 3402 Anglia
682 3342 833 3388 ductis
853 3345 1113 3400 procreatae,
1148 3340 1397 3387 condendis

295 3427 511 3475 caenobiis
539 3431 587 3473 et
618 3425 857 3473 Hiberniae
886 3425 1160 3473 cultioribus
1192 3424 1395 3471 aedificiis

294 3511 576 3557 exornandas
618 3524 777 3556 curam
820 3515 868 3556 et
910 3524 1019 3569 opes
1058 3509 1393 3568 impenderunt.

294 3593 513 3641 Ecclesiae
546 3594 804 3654 antiquitus
838 3594 889 3639 in
924 3594 1149 3641 Hibernia
1186 3608 1213 3639 e
1238 3595 1397 3640 robore

294 3678 391 3725 fieri
404 3684 760 3725 consueverunt:
784 3692 869 3725 nec
885 3677 979 3723 alia
994 3677 1187 3723 materia
1203 3677 1263 3723 ad
1276 3678 1397 3725 aedes

294 3765 575 3810 extruendas
607 3760 818 3811 adhibita
853 3764 994 3810 fuisse
1020 3763 1219 3809 videtur.
1286 3762 1395 3809 Non

293 3851 403 3894 vero
432 3849 511 3894 diu
528 3853 635 3895 ante
656 3848 835 3909 Anglos
857 3848 1131 3895 Hiberniam
1152 3862 1395 3913 aggressos

291 3929 567 3977 fabricarum
598 3944 625 3976 e
655 3930 803 3989 lapide
840 3932 1261 3989 construendamm,
1302 3931 1390 3977 mi-

1503 2242 1716 2289 rantibus
1744 2248 1792 2290 et
1813 2242 2145 2291 obsistentibus
2166 2243 2398 2303 Hibernis,
2423 2244 2614 2293 initium

1503 2340 1534 2373 a
1547 2328 1838 2374 monasteriis
1857 2328 2047 2373 ductum
2069 2333 2152 2374 est.
2189 2327 2322 2375 Sicut
2345 2332 2500 2375 autem
2517 2328 2614 2375 Oc-

1501 2410 1719 2457 tavianus
1733 2412 1888 2459 Caesar
1898 2413 2158 2459 Romanam
2180 2414 2342 2458 urbem
2358 2412 2613 2459 lateritiam

1500 2496 1680 2554 reperit,
1726 2495 1914 2555 reliquit
1956 2510 2262 2543 marmoream
2301 2497 2367 2543 sic
2409 2497 2612 2556 maj0res

1500 2593 1658 2625 eorum
1681 2594 1796 2640 quos
1817 2581 1895 2627 ille
1915 2582 1946 2607 “
1967 2580 2240 2627 recentiores
2261 2580 2499 2627 Hiber-nise
2518 2582 2612 2628 ha-

1501 2664 1720 2711 bitatores
1736 2663 1766 2682 ’⁹
1787 2664 2006 2724 appellat,
2028 2664 2266 2711 Hiberniae
2286 2666 2446 2711 domos
2465 2669 2514 2711 et
2531 2678 2612 2711 ec-·

1501 2746 1662 2795 clesias
1698 2762 1814 2809 quas
1847 2748 2026 2809 ligneas
2059 2753 2318 2807 repererant
2353 2760 2524 2795 saxeas
2560 2755 2612 2800 et

1500 2846 1778 2878 marmoreas
1792 2832 1998 2878 fecerunt
2009 2836 2056 2879 et
2071 2846 2153 2890 per
2167 2832 2350 2879 eosdem
2369 2832 2382 2857 ‘
2393 2831 2612 2879 cultiones

1500 2930 1582 2962 seu
1613 2916 1840 2963 civiliores
1875 2915 2026 2964 multo
2061 2921 2202 2977 quam
2240 2920 2380 2963 antea
2421 2918 2610 2964 fuerant

1499 3013 1648 3046 mores
1679 3005 1789 3047 sunt
1808 3000 1988 3045 inducti
2010 3005 2149 3059 atque
2171 3004 2293 3045 artes
2314 2998 2364 3045 in
2392 2999 2476 3046 illa
2505 3000 2609 3047 loca

1499 3099 1605 3145 quae
1619 3091 1750 3131 erant
1766 3090 1988 3147 occupata
2010 3086 2070 3131 ab
2083 3084 2348 3148 Anglorum
2363 3085 2569 3132 colonis?
2580 3086 2607 3109 ”

1498 3170 1849 3234 -(Lombard,
1871 3174 1924 3217 in
1955 3169 2214 3233 Conamen.)
2285 3172 2317 3197 “
2332 3170 2409 3217 Ita
2429 3175 2486 3217 ut
2518 3184 2606 3231 ap·

1495 3255 1645 3315 posite
1684 3270 1791 3302 cum
1821 3256 2044 3315 Caietano
2078 3254 2290 3314 episcopo
2329 3254 2424 3300 dici
2459 3253 2608 3314 possit

1499 3332 1832 3387 ‘inhumanum
1853 3354 1951 3387 esse
1971 3340 2236 3399 peregrinos
2261 3352 2339 3385 eos
2369 3337 2606 3397 appellare

1495 3423 1576 3483 qui
1609 3425 1668 3470 de
1689 3424 1881 3471 civitate
1903 3419 2078 3483 optime
2111 3423 2264 3470 meriti
2290 3423 2378 3471 sibi
2399 3422 2603 3482 patriam

1496 3509 1750 3555 obnoxiam
1769 3509 1998 3555 beneficiis
2018 3508 2252 3555 fecerunt!
2269 3508 2296 3530 ”
2333 3508 2417 3555 Dr.
2436 3507 2606 3568 Lynch

1495 3598 1638 3640 wrote
1659 3593 1754 3639 this
1783 3606 1978 3653 passage
2007 3594 2058 3640 in
2083 3594 2238 3650 16563
2270 3593 2358 3640 but
2378 3592 2437 3637 he
2467 3592 2606 3641 takes

1495 3690 1526 3723 a
1545 3678 1755 3733 different
1769 3678 1890 3725 view
1906 3679 1958 3723 of
1973 3678 2054 3725 the
2067 3678 2292 3725 influence
2312 3678 2366 3725 of
2374 3677 2456 3723 the
2467 3676 2601 3737 Eng-

1494 3760 1586 3808 lish
1607 3775 1670 3809 on
1686 3763 1806 3810 Irish
1829 3763 2112 3811 civilization
2133 3764 2184 3809 in
2203 3776 2289 3809 our
2305 3762 2602 3811 cambrensis

1493 3844 1710 3892 Eversus.

1558 3937 1580 3979 9
1603 3931 1805 3990 Stephen
1835 3931 1996 3977 White
2027 3932 2114 3977 has
2147 3945 2176 3977 a
2201 3934 2366 3989 strong
2400 3942 2600 3989 passage
