2834 4467
332 191 463 258 334
1110 209 1524 260 sinnitensis
1553 210 1862 259 nvsasos.
2377 212 2552 289 [cu.
2579 216 2648 263 v.

330 362 597 425 ediderit.
698 362 1153 438 Antiquitatum
1194 363 1747 440 Cantabrigensium
1791 362 1866 421 de
1905 362 2182 424 Polidoro
2216 362 2473 439 Virgilio
2517 364 2650 425 haec

330 468 473 519 sunt
508 460 723 521 verba:
768 466 805 493 ‘⁶
826 460 1007 517 Illum
1047 478 1127 519 ne
1165 460 1480 536 aliquando
1519 461 1650 536 ejus
1687 460 2164 537 intelligerentur
2203 479 2446 529 errores,
2490 462 2652 517 fama

330 559 689 635 percrebuit,
722 566 903 633 atque
926 558 1105 617 etiam
1134 560 1458 635 cognitum,
1499 568 1564 617 et
1601 566 1970 636 compertum
1997 556 2162 617 certo
2192 566 2298 629 est,
2337 568 2430 617 tot
2455 559 2648 617 histo-

329 658 483 715 ricos
524 666 753 719 nostros
779 665 1062 727 vetustos,
1104 667 1169 717 et
1205 658 1634 736 manuscriptos
1667 658 1910 715 immani
1949 657 2164 717 scelere
2187 658 2312 733 igni
2351 677 2650 717 cominen-

328 754 513 822 desse,
542 763 691 830 quot
718 774 792 813 ne
817 754 1153 831 plaustrum
1179 757 1417 832 quidem
1444 766 1638 833 posset
1663 741 1884 833 capere,
1919 765 2100 832 atque
2124 757 2444 826 sustinere3
2485 758 2651 815 arbi-

330 858 543 918 tratus,
572 858 646 907 ut
672 850 863 919 credo,
892 869 955 909 se
978 850 1109 925 ejus
1134 852 1363 927 generis
1391 870 1588 913 omnes
1615 852 1806 913 solum
1831 851 2124 921 habuisse,
2151 861 2260 910 aut
2279 852 2508 911 veritus
2527 853 2650 913 sibi

328 948 477 1010 vitio
502 948 631 1007 dari
658 946 825 1023 quod
848 958 1089 1007 secutus
1120 950 1309 1026 legem
1336 951 1688 1027 jampridem
1721 952 2014 1011 librorum
2037 960 2307 1013 veterum
2333 953 2652 1028 castigato-

328 1046 498 1105 ribus
526 1046 741 1117 datam,
768 1047 1053 1106 nonnulla
1077 1050 1413 1119 resecuerit,
1433 1068 1565 1125 quae
1591 1049 1905 1127 scriptores
1931 1049 2377 1127 prodiderunt¹⁸.
2380 1052 2418 1083 ”
2476 1052 2648 1109 Hen-

328 1144 487 1203 ricus
508 1143 857 1219 spondanus
872 1146 1141 1217 asserit‚‘
1146 1130 1541 1225 ‘Polydorum
1543 1132 1754 1219 minus
1775 1145 2044 1213 accurate
2061 1166 2154 1206 res
2164 1146 2444 1224 Anglieas
2459 1148 2652 1225 quam

328 1260 363 1301 a
387 1242 595 1303 multis
620 1251 891 1318 putatur,
916 1243 1225 1307 collatione
1248 1264 1387 1305 cum
1412 1245 1674 1321 antiquis
1695 1244 1868 1315 facta,
1897 1244 2046 1322 saepe
2075 1264 2136 1305 se
2163 1246 2482 1323 ‚reperisse3
2509 1266 2650 1325 per-

328 1340 699 1402 turbatorem
736 1340 921 1419 magis
948 1341 1129 1417 quam
1168 1342 1613 1419 compositorem
1651 1342 1922 1403 historiae·
1937 1342 2282 1419 Anglicanae
2317 1344 2530 1415 fuisse3
2577 1364 2652 1405 ac

324 1457 419 1497 res
450 1438 729 1514 Anglicas
754 1438 1133 1501 assentatorie
1160 1440 1345 1515 magis
1372 1440 1554 1515 quem
1591 1438 1872 1502 historice
1899 1440 2225 1501 describere
2261 1450 2614 1502 consuetum
2629 1464 2652 1511 ς

326 1536 565 1604 demum
590 1537 721 1610 ejus
747 1535 1052 1599 historiam
1072 1533 1311 1613 majoris
1324 1537 1558 1607 laboris,
1577 1537 1760 1613 quam
1777 1547 1995 1600 exactae
2021 1540 2409 1601 accurationis
2429 1558 2652 1602 nomen

328 1634 489 1709 apud
534 1634 847 1709 plerosque
898 1634 1178 1695 meritum
1225 1634 1466 1693 fuisse.”
1561 1636 1830 1697 Fortasse
1876 1636 2185 1695 Polidorus
2237 1636 2537 1713 preivisse
2579 1638 2652 1695 in

154 1776 166 1787 .
186 1737 305 1807 [41]
330 1732 553 1807 Angli&
574 1732 886 1808 scriptores
912 1734 1149 1808 accepit,
1174 1734 1280 1809 qui
1306 1734 1626 1810 superioris
1653 1724 1946 1796 memoriae
1962 1754 2056 1796 res
2085 1732 2098 1813 Ι
2127 1735 2317 1795 literis
2338 1736 2650 1807 tradituri,

326 1838 529 1889 vetera
551 1838 931 1915 monumenta
948 1830 1127 1890 simili
1146 1831 1413 1892 incendio
1435 1832 1836 1894 aboleverunt.
1892 1832 2068 1897 Certe
2095 1844 2338 1910 patmm
2361 1835 2650 1895 memoria

328 1928 517 2003 Angli
541 1928 607 1987 in
634 1928 924 1988 Hibernia
948 1930 1345 1990 monumentis
1364 1931 1706 1992 Hibernicis
1729 1932 2075 2009 diripiendis
2091 1932 2524 2010 impensissime
2547 1934 2646 1991 in-

330 2026 608 2097 hiarunt3
651 2036 725 2087 ut
757 2028 1071 2088 Analectes
1096 2027 1233 2089 vere
1262 2040 1620 2107 conquestus
1657 2031 1868 2113 fuerit:
1921 2038 1959 2065 ‘⁴
1976 2031 2041 2089 Si
2079 2032 2309 2109 uspiam
2333 2032 2496 2109 apud
2521 2033 2648 2108 pri-

332 2135 537 2188 vatum
562 2127 844 2189 asservari
880 2127 1229 2203 intelligunt
1266 2126 1331 2186 hi
1365 2127 1471 2205 qui
1496 2148 1632 2191 cum
1663 2130 1909 2205 imperio
1943 2139 2210 2206 praesunt
2243 2130 2648 2207 fragmentum

330 2224 570 2300 aliquod
594 2225 807 2286 veteris
846 2225 1107 2286 historiae
1144 2226 1275 2285 MS.
1308 2246 1482 2304 prece
1519 2228 1670 2288 illud
1705 2228 1830 2286 sive
1863 2229 2072 2305 praetio
2095 2228 2432 2299 corradunt,
2468 2230 2567 2289 vel
2591 2231 2648 2289 si

330 2341 437 2385 nec
462 2342 648 2398 prece,
676 2332 783 2381 aut
807 2324 1014 2400 praetio
1040 2324 1329 2395 obtinent,
1358 2324 1684 2385 succedunt
1709 2326 1998 2401 praecibus
2024 2327 2213 2395 minae,
2243 2335 2305 2384 et
2330 2335 2642 2403 praeoepta,

330 2423 551 2499 quibus
578 2424 860 2499 refragari
878 2423 1055 2499 paulo
1073 2421 1271 2484 minus
1290 2424 1472 2498 quim
1499 2423 1856 2485 laethifemm
1875 2424 2062 2485 est¹⁴.”
2115 2426 2197 2485 Et
2216 2425 2396 2486 infra:
2422 2431 2460 2457 ‘⁴
2475 2426 2646 2487 Stre-

331 2541 491 2584 nuus
518 2521 699 2581 fuisse
732 2522 925 2581 fertur
950 2522 1014 2579 in
1046 2522 1161 2580 isto
1188 2520 1437 2582 artificio
1457 2522 1850 2597 conquerendi
1874 2522 2282 2599 undequaque,
2311 2524 2648 2585 auferendi-

332 2637 449 2694 que
474 2626 580 2677 aut
606 2618 1013 2695 supprimendi
1028 2626 1293 2677 vetustos
1318 2619 1543 2677 codices
1568 2620 1896 2696 praesertim
1915 2619 1978 2685 in
1995 2620 2310 2679 Provincia
2329 2620 2648 2683 Momoniae

333 2716 541 2793 (quam
574 2716 889 2793 praesidiali
926 2716 1291 2779 authoritate
1326 2715 1726 2793 gubernabat)
1763 2718 2052 2793 Georgius
2080 2718 2284 2777 Carew
2308 2720 2650 2797 presbyteri

332 2814 551 2884 filius‚”
575 2814 803 2872 Totniae
828 2822 1028 2891 postea
1045 2814 1266 2885 Cornea,
1296 2824 1359 2873 et
1386 2815 1688 2875 Hiberniae
1725 2816 1952 2883 Pacatae
1983 2800 2252 2893 scriptor,
2285 2823 2324 2851 ‘⁶
2343 2817 2450 2895 qui
2474 2818 2652 2877 nobi-

332 2913 554 2977 lissimo
580 2913 709 2971 viro
739 2912 1085 2971 Carteorum
1104 2913 1428 2991 Coryphaeo
1453 2914 1929 2990 antiquissimum
1953 2915 2230 2976 volumen
2249 2916 2378 2975 MS.
2397 2916 2650 2993 exculp-

332 3012 433 3069 sit.
488 3012 607 3074 Sed
624 3012 785 3088 quod
810 3012 1033 3072 Praeses
1052 3012 1115 3072 in
1131 3012 1255 3069 una
1275 3011 1606 3080 Provincia„
1629 3012 1696 3072 id
1719 3012 1863 3072 fecit
1885 3032 1990 3089 per
2016 3014 2363 3075 universum
2389 3032 2652 3091 regnum

963 3150 965 3153 ψ
1062 3132 1103 3165 1³
1126 3130 1229 3179 Lib.
1252 3131 1283 3177 i.
1302 3144 1411 3191 pag.
1435 3132 1515 3179 70.
1581 3130 1624 3165 ¹⁴
1645 3128 1764 3190 Peg.
1787 3131 1898 3179 557.

396 3232 1241 3295 ‘Itiscertainthatmanyofthe
1270 3234 1442 3280 richest
1537 3230 1621 3278 lin.
1667 3230 2652 3281 Onaoftheearlieatracollectionsotssio

333 3317 571 3369 hinton-leni
606 3317 873 3367 collectivus
904 3318 953 3366 in
974 3316 1194 3377 England
1224 3318 1317 3363 aad
1340 3316 1438 3363 Ire—
1537 3317 1695 3365 writer
1715 3317 1758 3368 is
1777 3321 1828 3363 to
1847 3317 1969 3363 have
1989 3317 2159 3365 visited
2185 3316 2450 3377 frequently
2469 3330 2501 3365 a
2521 3317 2652 3365 little

331 3402 443 3453 land
460 3416 579 3451 were
598 3402 803 3459 stocked,
824 3401 890 3465 by
910 3401 1004 3463 this
1036 3400 1209 3461 species
1238 3401 1291 3447 of
1318 3400 1440 3459 pub·
1536 3400 1660 3449 nook
1690 3400 1742 3447 in
1762 3400 1843 3449 the
1865 3399 2022 3469 Castle
2042 3402 2095 3447 of
2123 3400 2518 3458 Maudlin-street,
2542 3400 2648 3461 city

331 3486 395 3555 lic
416 3489 625 3549 robbery,
642 3486 757 3533 with
774 3487 853 3533 the
874 3485 1064 3546 litei-ary
1078 3484 1201 3533 Irish
1221 3484 1436 3531 remains·
1535 3486 1588 3532 of
1605 3486 1860 3547 Kilkenny,
1879 3486 2046 3543 which,
2062 3486 2285 3533 tradition
2305 3486 2421 3545 said,
2444 3486 2556 3545 had‚
2570 3487 2648 3533 for
2731 3504 2744 3511 ·

334 3574 435 3627 The
457 3574 612 3633 public
633 3572 1003 3621 establishments
1024 3571 1119 3617 and
1140 3570 1319 3630 private
1339 3567 1436 3615 col·
1535 3568 1774 3631 security’s
1795 3570 1918 3629 sake,
1942 3570 2058 3617 been
2079 3571 2158 3616 the
2177 3570 2354 3629 libi-ary
2375 3570 2428 3616 of
2445 3555 2647 3619 Colman

333 3657 526 3705 lectione
538 3658 593 3704 of
603 3656 851 3715 catholice,
871 3656 994 3703 since
1010 3656 1090 3702 the
1106 3652 1434 3713 Refonnation,
1537 3652 1910 3715 O’Shaugnessy‚
1938 3652 2150 3702 catholic
2169 3652 2350 3712 Bishop
2379 3654 2433 3700 of
2449 3653 2644 3716 Ossory,

334 3745 455 3788 were
468 3742 593 3788 often
609 3740 754 3797 ridell,
770 3751 886 3787 even
900 3740 951 3785 in
967 3739 1105 3785 fimes
1114 3738 1167 3785 of
1175 3752 1324 3797 peace,
1344 3734 1439 3785 and
1535 3738 1585 3785 in
1605 3738 1688 3785 the
1707 3738 1878 3785 middle
1898 3738 1956 3785 of
1966 3739 2048 3787 the
2067 3737 2164 3785 last
2177 3742 2388 3798 century.
2435 3737 2526 3796 Ha,
2549 3740 2648 3785 uid

335 3815 1439 3884 unirpoorlitmry'stomcmiedofftotho
1536 3822 2645 3883 hisimmediatepmdooessorsammccma,

334 3914 517 3973 marat
536 3906 739 3961 shsriff‘s
749 3909 891 3967 offioe,
908 3922 960 3959 οι·
969 3909 1049 3958 the
1064 3907 1221 3959 casale
1234 3907 1289 3955 of
1303 3908 1438 3955 Dub-
1535 3906 1664 3958 lived
1675 3922 1787 3959 near
1800 3908 1880 3955 the
1891 3907 2050 3969 castle,
2067 3908 2117 3955 in
2133 3922 2194 3955 an
2215 3906 2406 3955 humble
2421 3907 2650 3955 thatchaad
