2834 4467
347 174 472 239 160
1116 194 1534 241 οιιυιιιιιιειε
1561 195 1874 241 umens.
2401 196 2566 263 [cn.
2591 199 2658 247 11,

340 345 689 427 Lhuyddus,
734 346 1032 407 Manniam
1078 348 1331 407 insulam
1359 348 1691 406 Euboniam
1717 346 1928 408 Latine
1958 355 2186 419 vocant,
2225 348 2366 408 hinc
2405 349 2659 409 videtur

342 438 628 523 originem
666 447 932 516 traxisse,
976 445 1143 522 quod
1188 448 1263 505 ab
1299 446 1502 505 eadem
1547 447 1785 505 natione
1824 466 2034 524 nempe
2064 447 2394 519 Iuvernica,
2431 448 2558 525 qua
2588 458 2660 507 et

338 547 623 604 Euboniae
651 545 825 622 (quas
852 545 1143 603 Hebrides
1183 546 1369 621 aliqui
1414 544 1654 621 dicunt)
1695 546 2088 616 incoletur³⁶‚”
2127 547 2234 621 qui
2257 547 2482 605 ibidem
2507 548 2659 606 alibi

338 642 522 713 addit,
570 649 607 677 “
624 642 877 701 Manniae
917 644 1135 701 incolas
1160 642 1367 719 lingua
1392 642 1627 701 Scotica
1666 644 1788 701 sive
1813 643 2124 701 Iuvernic&
2151 664 2282 720 quae
2313 644 2514 703 eadem
2543 654 2654 715 est,

338 743 491 801 uti.’'
556 741 905 817 Adjicitque
932 741 1297 799 camdenus.
1338 742 1527 799 “Sub
1554 742 1819 800 Honorio
1845 752 1908 800 et
1933 744 2190 801 Arcadio
2216 744 2418 821 Augg.
2448 763 2483 802 a
2509 746 2658 803 Soo-

339 848 539 899 torum
564 840 845 916 gentibus
872 839 973 916 (ut
1006 848 1097 897 est
1134 839 1292 916 apud
1319 838 1623 915 Orosium)
1649 839 1824 915 aeque
1845 860 1912 898 ac
1939 840 2270 899 Hibernia
2253 862 2380 918 ipsa
2405 843 2659 914 Mannia

340 939 503 997 culta
528 938 677 1007 fuit;
704 946 765 995 et
784 938 973 995 Builae
999 938 1139 996 elias
1166 938 1341 997 Buile
1366 938 1611 997 Scotum
1631 939 1942 1017 quemdam
1966 939 2118 998 hano
2144 938 2403 1000 tenuisse
2431 944 2654 1002 scribit

340 1038 655 1096 Ninniusv.
659 1038 696 1069 ”
776 1039 859 1094 Et
884 1035 1169 1095 Seldenus
1204 1044 1375 1095 non‘
1380 1040 1701 1097 ‘Hibernia
1731 1039 1938 1109 solum,
1944 1043 1983 1071 ”
2018 1040 2291 1115 inquit,‘
2297 1042 2433 1100 ‘sed
2469 1044 2658 1101 etiam

338 1136 594 1206 Mannia,
618 1136 936 1201 inclinante
945 1136 1338 1195 Romanorum
1349 1138 1620 1214 Imperio,
1632 1138 1956 1215 insulaeque
1966 1140 2212 1197 Occidui
2229 1141 2407 1198 maris
2423 1150 2656 1200 caeterae

338 1244 399 1296 et
419 1236 741 1294 Britanniae
766 1254 976 1311 magna
1000 1254 1135 1312 pars
1162 1236 1672 1312 septentrionalior
1699 1256 1734 1293 a
1759 1237 1950 1295 Scotis
1980 1238 2387 1295 tenebaturwss’
2417 1240 2656 1297 Deinde

340 1336 671 1413 subjungit,
710 1342 747 1369 “
762 1335 927 1393 Scoti
951 1354 1059 1411 pro
1088 1335 1369 1392 Hibernis
1394 1335 1552 1411 apud
1577 1344 1805 1393 veteres
1831 1355 1949 1394 non
1975 1333 2114 1393 rard
2141 1339 2526 1395 sumuntur.”

458 1436 883 1494 Britannorum
921 1434 1278 1492 incunabula
1310 1434 1640 1493 Camdenus
1676 1453 1711 1492 a
1751 1434 1936 1493 Gallis
1973 1435 2221 1492 accersit
2257 1436 2536 1511 pluribus
2573 1424 2654 1494 de

340 1537 545 1606 causis,
583 1556 651 1593 ac
676 1534 999 1613 praesertim
1026 1532 1193 1609 quod
1216 1552 1448 1590 morum
1475 1533 1818 1602 similitudo,
1861 1540 1924 1591 et
1947 1534 2166 1609 linguae
2191 1534 2526 1591 communio
2555 1534 2654 1591 illi

339 1635 507 1711 genti
542 1654 680 1691 cum
717 1632 831 1691 hac
863 1632 1230 1690 intercessit:
1270 1632 1357 1691 ita
1394 1639 1470 1689 ut
1503 1632 1568 1689 in
1605 1633 1824 1708 linguae
1855 1632 2276 1701 communione,
2315 1632 2654 1691 maximum

338 1748 458 1791 suae
484 1732 903 1809 disputationis
926 1730 1379 1799 firmamentum,
1414 1737 1480 1787 et
1517 1731 1912 1789 certissimum
1941 1730 2186 1805 originis
2223 1740 2652 1806 argumentum

338 1832 619 1889 collocare
645 1850 707 1889 se
730 1830 913 1887 dicat:
944 1835 981 1861 “
1004 1829 1124 1897 Qui
1149 1829 1322 1897 enim,
1351 1829 1568 1904 inquit,
1604 1828 1820 1905 linguae
1849 1828 2124 1887 societate
2137 1828 2454 1903 ,conjuncti
2479 1838 2648 1899 sunt,

339 1931 583 2007 originis
608 1929 785 1988 etiam
811 1928 1215 1986 communione
1239 1928 1419 1987 fuisse
1444 1928 1789 2003 conjunctos
1808 1927 1981 1985 homo
2001 1927 2206 2003 opinor
2231 1947 2400 1985 nemo
2419 1927 2652 1987 inficia-

338 2032 535 2089 batur.
586 2026 764 2098 Quod
790 2028 841 2085 si
866 2046 1063 2085 omnes
1090 2026 1353 2085 omnium
1376 2026 1636 2083 historioe
1661 2025 2114 2095 intercidissent,
2143 2034 2206 2083 et
2227 2044 2398 2084 nemo
2423 2026 2654 2086 litteris

336 2128 687 2207 prodidisset
713 2147 816 2185 nos
844 2126 1069 2202 Anglos
1096 2145 1129 2183 e
1156 2125 1462 2183 Germanis
1486 2125 1682 2204 genui,
1712 2144 1816 2181 nos
1845 2124 2047 2182 Scotos
2073 2142 2150 2181 ex
2177 2123 2476 2192 Hibernis,
2508 2125 2652 2182 Bri-

334 2239 499 2287 tones
509 2226 920 2294 Armoricanos
936 2242 969 2280 a
984 2223 1199 2280 nostris
1211 2222 1514 2279 Britannis
1529 2229 1840 2297 prognatos
1856 2240 2002 2279 esse:
2023 2221 2283 2297 ipsarum
2301 2221 2652 2297 linguarum

332 2327 720 2385 communitas
745 2324 856 2381 hoc
875 2321 1042 2382 facile
1070 2322 1389 2379 evinceret:
1418 2320 1536 2378 imo
1555 2320 1788 2378 facilius
1808 2321 1987 2396 quem
1999 2312 2484 2395 'gravissimorum
2503 2340 2651 2379 auc-

328 2426 635 2483 toritaswss’
675 2424 885 2498 Itaque
901 2440 1035 2479 cum
1057 2440 1255 2497 reapse
1271 2428 1331 2478 et
1346 2420 1637 2478 Camdeno
1655 2420 1868 2495 praeter
1883 2419 2024 2477 alios
2044 2426 2378 2488 attestante,
2418 2425 2456 2451 “
2473 2420 2650 2478 Man-

326 2523 459 2591 niae,
498 2522 697 2579 incolae
737 2529 797 2579 et
832 2518 1037 2595 lingua
1075 2528 1137 2584 et
1171 2520 1434 2577 moribus
1459 2517 1533 2576 ad
1561 2518 1914 2577 Hibernicos
1951 2516 2219 2595 proxime
2263 2518 2650 2590 accedant-³03²

328 2638 498 2679 nemo
524 2620 657 2677 illos
683 2620 759 2676 ab
786 2619 1071 2676 Hibernis
1096 2618 1375 2675 oriundos
1400 2636 1526 2675 esse
1549 2616 1771 2674 inficias
1797 2616 1930 2674 ibit.

393 2766 437 2801 ²⁶
455 2770 575 2829 Pag.
600 2772 709 2817 839.
778 2769 818 2803 ⁸⁷
833 2769 891 2815 In
904 2768 1031 2827 Epis.
1054 2771 1111 2817 de
1136 2770 1277 2818 Mona
1311 2770 1478 2819 insula.
1510 2772 1572 2817 ad
1605 2770 1791 2817 calcem.
1827 2771 1987 2817 Defen.
2015 2770 2204 2818 Brittan
2232 2770 2382 2819 Prisii.
2447 2771 2491 2801 ¹⁸
2506 2771 2650 2821 Mare

331 2834 569 2893 clausum,
595 2834 677 2881 lib.
700 2834 747 2880 ii.
771 2848 811 2880 c.
832 2837 889 2891 83
912 2834 1023 2881 ibid.
1042 2849 1082 2881 c.
1106 2836 1181 2881 16.
1246 2833 1289 2867 ’9
1310 2835 1438 2911 Pag.
1456 2837 1530 2883 12.
1596 2836 1640 2865 ³⁰
1662 2835 1778 2897 Peg.
1804 2836 1914 2882 838.

397 2959 413 2990 ¹
433 2958 641 3007 eamden
654 2957 862 3009 believed
875 2957 979 3003 that
990 2956 1106 3003 Man
1118 2968 1214 3003 was
1230 2956 1435 3005 ancient-

330 3044 383 3106 ly
403 3043 512 3091 held
533 3043 597 3104 by
614 3043 695 3089 the
710 3042 924 3100 Britons3
952 3042 983 3067 ‘⁴
1000 3042 1087 3088 but
1097 3042 1233 3089 when
1248 3042 1328 3089 the
1348 3056 1435 3089 na-

328 3131 453 3177 tions
470 3129 593 3177 from
613 3130 693 3176 the
708 3128 874 3185 North,
892 3127 987 3174 like
1002 3126 1179 3173 violent
1200 3132 1432 3186 tempests,

329 3216 601 3263 overflowed
615 3215 745 3261 those
759 3214 897 3261 south
910 3217 1052 3273 parts,
1066 3212 1108 3260 it
1121 3214 1308 3259 became
1322 3214 1434 3261 sub-

326 3300 424 3361 Ject
439 3304 488 3347 to
500 3300 580 3347 the
595 3294 774 3348 soors’·
806 3298 939 3345 'rhen
953 3297 1133 3344 follows
1149 3298 1229 3344 the
1241 3311 1436 3357 passage

301 3369 305 3373 '
329 3384 381 3431 in
400 3384 481 3431 the
504 3388 626 3443 text,
647 3383 925 3430 merwhieh
941 3383 1000 3429 he
1020 3384 1259 3442 promeae:
1280 3382 1431 3441 “But,

330 3482 384 3517 as
402 3470 484 3515 the
504 3468 797 3516 samewriter
810 3467 1059 3525 recor-deth,
1074 3468 1154 3514 the
1171 3467 1304 3515 Scots
1314 3480 1438 3515 were

330 3554 495 3601 driven
515 3558 597 3600 out
617 3552 671 3598 of
685 3551 751 3598 all
780 3552 862 3597 the
890 3551 1067 3598 British
1088 3552 1319 3598 countries
1340 3552 1434 3599 and

329 3638 505 3685 islanda
524 3639 589 3698 by
612 3638 815 3695 emeda,
850 3636 1151 3697 grandfather
1174 3636 1228 3682 of
1247 3620 1432 3695 Maglo-

330 3736 489 3781 cunus,
514 3724 669 3769 whom
691 3721 855 3770 Gildas
882 3718 979 3783 (for
998 3721 1080 3767 the
1098 3720 1195 3766 foul
1217 3720 1349 3781 *york
1370 3722 1434 3773 ,he

332 3809 467 3854 made
504 3808 554 3853 in
592 3809 723 3854 those
755 3804 955 3868 islanda)
992 3806 1169 3853 termed
1206 3806 1287 3853 the
1323 3806 1434 3852 dra-

332 3905 427 3952 gon
440 3892 492 3938 οἰ
504 3892 584 3939 the
605 3888 1085 3939 isles.”--Hollaud'3
1110 3891 1431 3951 Ἠαπεὶαὶίωι,

1537 2961 1678 3017 1637,
1701 2974 1747 3019 p.
1771 2961 1882 3008 204.
1949 2960 2050 3007 The
2079 2964 2212 3020 troop
2233 2960 2378 3007 under
2401 2961 2484 3007 the
2509 2976 2646 3009 oom-

1533 3046 1674 3093 mand
1708 3047 1762 3092 of
1787 3046 1934 3104 Buile,
1959 3046 2064 3092 who
2085 3046 2234 3093 seized
2255 3060 2379 3105 upon
2407 3044 2620 3178 Mamm
2563 3060 2648 3093 are

1533 3128 1682 3176 called
1703 3130 1753 3175 in
1783 3130 1865 3177 the
1897 3129 2018 3176 Irish
2040 3129 2251 3177 Nunnius
2273 3127 2342 3229 (p.
2367 3124 2514 3189 49)“

1532 3209 1713 3274 belga?

1587 3299 1722 3345 “The
1737 3304 1984 3359 argument
1996 3299 2175 3345 derives
2189 3302 2372 3359 greater
2381 3298 2505 3347 force
2518 3299 2644 3347 from

1533 3384 1613 3430 the
1631 3384 1740 3442 fact,
1763 3385 1868 3431 that
1887 3384 2004 3431 Man
2025 3398 2136 3443 was,
2161 3384 2333 3443 ‹lm-ing
2363 3398 2509 3445 many
2529 3398 2644 3431 cen-

1533 3468 1688 3527 turies,
1713 3460 1892 3529 subject
1911 3474 1962 3515 to
1983 3469 2064 3516 the
2083 3468 2357 3515 Northmen.
2417 3466 2478 3514 In
2493 3470 2641 3527 1056,

1532 3554 1717 3602 Godmd
1739 3554 1937 3613 Gronau,
1969 3555 2088 3601 aster
2107 3554 2342 3613 subduing
2365 3554 2447 3600 the
2465 3552 2640 3614 island,

1526 3638 1724 3686 allotted
1745 3638 1826 3685 the
1845 3640 2065 3688 northern
2081 3638 2263 3698 portion
2279 3642 2328 3685 to
2343 3638 2425 3685 the
2438 3638 2641 3696 nativas,

1531 3724 1626 3769 and
1646 3722 1726 3769 the
1757 3723 1979 3770 southern
2007 3728 2056 3769 to
2085 3723 2160 3772 his
2193 3736 2301 3770 own
2327 3722 2645 3770 followers—

1542 3806 1803 3854 chronicon
1821 3806 2043 3854 Manm'ae.
2077 3806 2351 3868 vaiously
2367 3811 2416 3853 to
2435 3808 2546 3855 thnt
2559 3822 2647 3867 pe-

1532 3891 1633 3938 riod
1659 3892 1787 3939 there
1819 3892 2102 3939 are‘several
2131 3893 2306 3940 noticas
2332 3893 2386 3939 in
2413 3893 2496 3939 the
2517 3892 2646 3939 trista
