<?xml version="1.0" encoding="UTF-8"?>
<!DOCTYPE html PUBLIC "-//W3C//DTD XHTML 1.0 Transitional//EN"
    "http://www.w3.org/TR/xhtml1/DTD/xhtml1-transitional.dtd">
<html xmlns="http://www.w3.org/1999/xhtml" xml:lang="en" lang="en">
 <head>
  <title>
</title>
<meta http-equiv="Content-Type" content="text/html;charset=utf-8" />
  <meta name='ocr-system' content='tesseract 3.04.00' />
  <meta name='ocr-capabilities' content='ocr_page ocr_carea ocr_par ocr_line ocrx_word'/>
</head>
<body>
  <div class='ocr_page' id='page_1' title='image "./cambrensisevers05kellgoog_0040.png"; bbox 0 0 2834 4467; ppageno 0'>
   <div class='ocr_carea' id='block_1_1' title="bbox 345 160 1907 224">
    <p class='ocr_par' dir='ltr' id='par_1_1' title="bbox 345 160 1907 224">
     <span class='ocr_line' id='line_1_1' title="bbox 345 160 1907 224; baseline -0.003 0"><span class='ocrx_word' id='word_1_1' title='bbox 345 160 424 224; x_wconf 90' lang='grc'><strong>16</strong></span> <span class='ocrx_word' id='word_1_2' title='bbox 1078 176 1400 223; x_wconf 65' lang='lat' dir='ltr'><strong>ems-rou</strong></span> <span class='ocrx_word' id='word_1_3' title='bbox 1435 176 1907 223; x_wconf 59' lang='lat' dir='ltr'><strong>nnmcaroan«</strong></span> 
     </span>
    </p>
   </div>
   <div class='ocr_carea' id='block_1_2' title="bbox 471 318 2816 409">
    <p class='ocr_par' dir='ltr' id='par_1_2' title="bbox 471 318 2816 409">
     <span class='ocr_line' id='line_1_2' title="bbox 471 318 2816 409; baseline 0.001 -19"><span class='ocrx_word' id='word_1_4' title='bbox 471 331 620 400; x_wconf 84' lang='lat' dir='ltr'><strong>Quis</strong></span> <span class='ocrx_word' id='word_1_5' title='bbox 643 337 842 389; x_wconf 82' lang='lat' dir='ltr'><strong>autem</strong></span> <span class='ocrx_word' id='word_1_6' title='bbox 864 330 1142 406; x_wconf 82' lang='lat' dir='ltr'><strong>Angliam</strong></span> <span class='ocrx_word' id='word_1_7' title='bbox 1162 330 1424 391; x_wconf 85' lang='lat' dir='ltr'><strong>crederet</strong></span> <span class='ocrx_word' id='word_1_8' title='bbox 1438 338 1722 409; x_wconf 81' lang='lat' dir='ltr'><strong>tortorem</strong></span> <span class='ocrx_word' id='word_1_9' title='bbox 1742 328 1989 391; x_wconf 78' lang='lat' dir='ltr'><strong>edidisse</strong></span> <span class='ocrx_word' id='word_1_10' title='bbox 2008 348 2123 388; x_wconf 90' lang='lat' dir='ltr'><strong>non</strong></span> <span class='ocrx_word' id='word_1_11' title='bbox 2142 329 2334 391; x_wconf 76' lang='lat' dir='ltr'><strong>schim</strong></span> <span class='ocrx_word' id='word_1_12' title='bbox 2350 334 2674 395; x_wconf 87' lang='lat' dir='ltr'><strong>domestico</strong></span> <span class='ocrx_word' id='word_1_13' title='bbox 2706 318 2729 401; x_wconf 50' lang='lat' dir='ltr'>J</span> <span class='ocrx_word' id='word_1_14' title='bbox 2814 366 2816 381; x_wconf 86' lang='lat'>·</span> 
     </span>
    </p>
   </div>
   <div class='ocr_carea' id='block_1_3' title="bbox 220 425 2681 3344">
    <p class='ocr_par' dir='ltr' id='par_1_3' title="bbox 220 425 2681 2851">
     <span class='ocr_line' id='line_1_3' title="bbox 220 425 2675 507; baseline 0.001 -21"><span class='ocrx_word' id='word_1_15' title='bbox 220 436 338 501; x_wconf 57' lang='lat' dir='ltr'><strong>[vt]</strong></span> <span class='ocrx_word' id='word_1_16' title='bbox 366 426 392 506; x_wconf 82' lang='grc' dir='ltr'><strong>Ι.</strong></span> <span class='ocrx_word' id='word_1_17' title='bbox 409 428 676 486; x_wconf 86' lang='lat' dir='ltr'><strong>carnifice</strong></span> <span class='ocrx_word' id='word_1_18' title='bbox 710 426 1127 497; x_wconf 77' lang='lat' dir='ltr'><strong>immaniorem,</strong></span> <span class='ocrx_word' id='word_1_19' title='bbox 1179 428 1284 503; x_wconf 82' lang='lat' dir='ltr'><strong>qui</strong></span> <span class='ocrx_word' id='word_1_20' title='bbox 1321 427 1394 485; x_wconf 84' lang='lat' dir='ltr'><strong>ad</strong></span> <span class='ocrx_word' id='word_1_21' title='bbox 1417 428 1669 503; x_wconf 72' lang='lat' dir='ltr'><strong>justitiae</strong></span> <span class='ocrx_word' id='word_1_22' title='bbox 1707 426 1957 504; x_wconf 79' lang='lat' dir='ltr'><strong>publicae</strong></span> <span class='ocrx_word' id='word_1_23' title='bbox 1999 425 2343 487; x_wconf 72' lang='lat' dir='ltr'><strong>machaeram</strong></span> <span class='ocrx_word' id='word_1_24' title='bbox 2382 431 2675 507; x_wconf 84' lang='lat' dir='ltr'><strong>sanguine</strong></span> 
     </span>
     <span class='ocr_line' id='line_1_4' title="bbox 362 522 2666 603; baseline 0.001 -19"><span class='ocrx_word' id='word_1_25' title='bbox 362 527 543 603; x_wconf 86' lang='lat' dir='ltr'><strong>Regio</strong></span> <span class='ocrx_word' id='word_1_26' title='bbox 567 525 984 584; x_wconf 77' lang='lat' dir='ltr'><strong>cruentandam</strong></span> <span class='ocrx_word' id='word_1_27' title='bbox 1012 522 1220 583; x_wconf 83' lang='lat' dir='ltr'><strong>adduci</strong></span> <span class='ocrx_word' id='word_1_28' title='bbox 1245 544 1364 582; x_wconf 91' lang='lat' dir='ltr'><strong>non</strong></span> <span class='ocrx_word' id='word_1_29' title='bbox 1387 525 1627 601; x_wconf 87' lang='lat' dir='ltr'><strong>potuit;</strong></span> <span class='ocrx_word' id='word_1_30' title='bbox 1666 525 1767 584; x_wconf 86' lang='lat' dir='ltr'><strong>sed</strong></span> <span class='ocrx_word' id='word_1_31' title='bbox 1792 524 1967 585; x_wconf 87' lang='lat' dir='ltr'><strong>etiam</strong></span> <span class='ocrx_word' id='word_1_32' title='bbox 1996 526 2290 584; x_wconf 86' lang='lat' dir='ltr'><strong>Cimbrico</strong></span> <span class='ocrx_word' id='word_1_33' title='bbox 2316 527 2423 586; x_wconf 93' lang='lat' dir='ltr'><strong>illo</strong></span> <span class='ocrx_word' id='word_1_34' title='bbox 2450 530 2666 587; x_wconf 87' lang='lat' dir='ltr'><strong>manci·</strong></span> 
     </span>
     <span class='ocr_line' id='line_1_5' title="bbox 360 607 2671 702; baseline 0.001 -19"><span class='ocrx_word' id='word_1_35' title='bbox 360 626 458 701; x_wconf 80' lang='lat' dir='ltr'><strong>p&#39;io</strong></span> <span class='ocrx_word' id='word_1_36' title='bbox 476 624 978 693; x_wconf 78' lang='lat' dir='ltr'><strong>truculentiorem,</strong></span> <span class='ocrx_word' id='word_1_37' title='bbox 1004 622 1107 698; x_wconf 85' lang='lat' dir='ltr'><strong>qui</strong></span> <span class='ocrx_word' id='word_1_38' title='bbox 1127 623 1201 681; x_wconf 83' lang='lat' dir='ltr'><strong>ad</strong></span> <span class='ocrx_word' id='word_1_39' title='bbox 1221 623 1284 682; x_wconf 86' lang='lat' dir='ltr'><strong>O.</strong></span> <span class='ocrx_word' id='word_1_40' title='bbox 1306 618 1562 682; x_wconf 84' lang='lat' dir='ltr'><strong>Marium</strong></span> <span class='ocrx_word' id='word_1_41' title='bbox 1582 607 2029 684; x_wconf 77' lang='lat' dir='ltr'><strong>confodiendum</strong></span> <span class='ocrx_word' id='word_1_42' title='bbox 2044 644 2350 702; x_wconf 80' lang='lat' dir='ltr'><strong>percussor</strong></span> <span class='ocrx_word' id='word_1_43' title='bbox 2368 627 2671 685; x_wconf 87' lang='lat' dir='ltr'><strong>immissus</strong></span> 
     </span>
     <span class='ocr_line' id='line_1_6' title="bbox 361 720 2673 797; baseline 0.002 -18"><span class='ocrx_word' id='word_1_44' title='bbox 361 721 528 781; x_wconf 83' lang='lat' dir='ltr'><strong>tanta</strong></span> <span class='ocrx_word' id='word_1_45' title='bbox 553 721 669 781; x_wconf 82' lang='lat' dir='ltr'><strong>viri</strong></span> <span class='ocrx_word' id='word_1_46' title='bbox 695 720 1054 795; x_wconf 85' lang='lat' dir='ltr'><strong>majestatem</strong></span> <span class='ocrx_word' id='word_1_47' title='bbox 1079 720 1451 779; x_wconf 83' lang='lat' dir='ltr'><strong>veneratione</strong></span> <span class='ocrx_word' id='word_1_48' title='bbox 1474 729 1820 797; x_wconf 87' lang='lat' dir='ltr'><strong>prosecutus</strong></span> <span class='ocrx_word' id='word_1_49' title='bbox 1844 730 1953 791; x_wconf 84' lang='lat' dir='ltr'><strong>est,</strong></span> <span class='ocrx_word' id='word_1_50' title='bbox 1984 729 2055 780; x_wconf 91' lang='lat' dir='ltr'><strong>ut</strong></span> <span class='ocrx_word' id='word_1_51' title='bbox 2082 722 2173 781; x_wconf 89' lang='lat' dir='ltr'><strong>illi</strong></span> <span class='ocrx_word' id='word_1_52' title='bbox 2198 742 2408 781; x_wconf 89' lang='lat' dir='ltr'><strong>manus</strong></span> <span class='ocrx_word' id='word_1_53' title='bbox 2448 724 2673 784; x_wconf 82' lang='lat' dir='ltr'><strong>inferre</strong></span> 
     </span>
     <span class='ocr_line' id='line_1_7' title="bbox 357 817 2673 901; baseline 0.002 -24"><span class='ocrx_word' id='word_1_54' title='bbox 357 821 527 879; x_wconf 91' lang='lat' dir='ltr'><strong>nullo</strong></span> <span class='ocrx_word' id='word_1_55' title='bbox 551 828 722 896; x_wconf 82' lang='lat' dir='ltr'><strong>pacto</strong></span> <span class='ocrx_word' id='word_1_56' title='bbox 747 818 1061 877; x_wconf 83' lang='lat' dir='ltr'><strong>voluerit⁴⁰.</strong></span> <span class='ocrx_word' id='word_1_57' title='bbox 1147 818 1537 877; x_wconf 87' lang='lat' dir='ltr'><strong>Comitiorum</strong></span> <span class='ocrx_word' id='word_1_58' title='bbox 1562 817 1707 877; x_wconf 72' lang='lat' dir='ltr'><strong>vero</strong></span> <span class='ocrx_word' id='word_1_59' title='bbox 1732 819 1823 877; x_wconf 87' lang='lat' dir='ltr'><strong>illi</strong></span> <span class='ocrx_word' id='word_1_60' title='bbox 1848 828 2161 897; x_wconf 77' lang='lat' dir='ltr'><strong>magnateS,</strong></span> <span class='ocrx_word' id='word_1_61' title='bbox 2204 823 2423 901; x_wconf 84' lang='lat' dir='ltr'><strong>quibus</strong></span> <span class='ocrx_word' id='word_1_62' title='bbox 2448 824 2673 900; x_wconf 81' lang='lat' dir='ltr'><strong>volupe</strong></span> 
     </span>
     <span class='ocr_line' id='line_1_8' title="bbox 358 916 2670 997; baseline 0.002 -20"><span class='ocrx_word' id='word_1_63' title='bbox 358 919 478 977; x_wconf 84' lang='lat' dir='ltr'><strong>suit</strong></span> <span class='ocrx_word' id='word_1_64' title='bbox 517 916 928 977; x_wconf 84' lang='lat' dir='ltr'><strong>tristissimum</strong></span> <span class='ocrx_word' id='word_1_65' title='bbox 974 916 1151 993; x_wconf 83' lang='lat' dir='ltr'><strong>Regis</strong></span> <span class='ocrx_word' id='word_1_66' title='bbox 1191 917 1546 994; x_wconf 87' lang='lat' dir='ltr'><strong>supplicium</strong></span> <span class='ocrx_word' id='word_1_67' title='bbox 1586 918 1754 976; x_wconf 88' lang='lat' dir='ltr'><strong>siccis</strong></span> <span class='ocrx_word' id='word_1_68' title='bbox 1792 919 1989 997; x_wconf 25' lang='lat' dir='ltr'><strong>oculis?</strong></span> <span class='ocrx_word' id='word_1_69' title='bbox 2014 919 2267 992; x_wconf 84' lang='lat' dir='ltr'><strong>haurire,</strong></span> <span class='ocrx_word' id='word_1_70' title='bbox 2306 919 2670 983; x_wconf 86' lang='lat' dir='ltr'><strong>crudelitate</strong></span> 
     </span>
     <span class='ocr_line' id='line_1_9' title="bbox 359 1013 2671 1096; baseline 0.003 -21"><span class='ocrx_word' id='word_1_71' title='bbox 359 1017 665 1087; x_wconf 84' lang='lat' dir='ltr'><strong>Neronem,</strong></span> <span class='ocrx_word' id='word_1_72' title='bbox 713 1016 820 1093; x_wconf 87' lang='lat' dir='ltr'><strong>qui</strong></span> <span class='ocrx_word' id='word_1_73' title='bbox 849 1020 885 1049; x_wconf 91' lang='lat'><strong>“</strong></span> <span class='ocrx_word' id='word_1_74' title='bbox 903 1013 1118 1073; x_wconf 88' lang='lat' dir='ltr'><strong>scelera</strong></span> <span class='ocrx_word' id='word_1_75' title='bbox 1143 1015 1326 1090; x_wconf 86' lang='lat' dir='ltr'><strong>jussit</strong></span> <span class='ocrx_word' id='word_1_76' title='bbox 1352 1032 1469 1073; x_wconf 90' lang='lat' dir='ltr'><strong>non</strong></span> <span class='ocrx_word' id='word_1_77' title='bbox 1498 1017 1881 1093; x_wconf 80' lang='lat' dir='ltr'><strong>spectavit&#39;’⁴¹,</strong></span> <span class='ocrx_word' id='word_1_78' title='bbox 1920 1015 2095 1095; x_wconf 74' lang='lat' dir='ltr'><strong>longe</strong></span> <span class='ocrx_word' id='word_1_79' title='bbox 2131 1019 2511 1096; x_wconf 54' lang='lat' dir='ltr'><strong>supererunt,</strong></span> <span class='ocrx_word' id='word_1_80' title='bbox 2556 1020 2671 1081; x_wconf 83' lang='lat' dir='ltr'><strong>vix</strong></span> 
     </span>
     <span class='ocr_line' id='line_1_10' title="bbox 357 1112 2668 1189; baseline 0.003 -18"><span class='ocrx_word' id='word_1_81' title='bbox 357 1113 542 1189; x_wconf 77' lang='lat' dir='ltr'><strong>magis</strong></span> <span class='ocrx_word' id='word_1_82' title='bbox 567 1112 722 1171; x_wconf 82' lang='lat' dir='ltr'><strong>facto</strong></span> <span class='ocrx_word' id='word_1_83' title='bbox 748 1112 928 1189; x_wconf 71' lang='lat' dir='ltr'><strong>quam</strong></span> <span class='ocrx_word' id='word_1_84' title='bbox 955 1112 1221 1189; x_wconf 85' lang='lat' dir='ltr'><strong>exemplo</strong></span> <span class='ocrx_word' id='word_1_85' title='bbox 1261 1112 1445 1181; x_wconf 87' lang='lat' dir='ltr'><strong>noxii,</strong></span> <span class='ocrx_word' id='word_1_86' title='bbox 1488 1112 1649 1188; x_wconf 90' lang='lat' dir='ltr'><strong>quod</strong></span> <span class='ocrx_word' id='word_1_87' title='bbox 1682 1131 1717 1171; x_wconf 88' lang='lat' dir='ltr'><strong>a</strong></span> <span class='ocrx_word' id='word_1_88' title='bbox 1750 1114 2089 1189; x_wconf 73' lang='lat' dir='ltr'><strong>majoribus</strong></span> <span class='ocrx_word' id='word_1_89' title='bbox 2106 1114 2224 1175; x_wconf 84' lang='lat' dir='ltr'><strong>non</strong></span> <span class='ocrx_word' id='word_1_90' title='bbox 2262 1116 2547 1177; x_wconf 84' lang='lat' dir='ltr'><strong>haustum</strong></span> <span class='ocrx_word' id='word_1_91' title='bbox 2588 1120 2668 1179; x_wconf 81' lang='lat' dir='ltr'><strong>ad</strong></span> 
     </span>
     <span class='ocr_line' id='line_1_11' title="bbox 357 1209 2665 1292; baseline 0.003 -24"><span class='ocrx_word' id='word_1_92' title='bbox 357 1210 760 1287; x_wconf 75' lang='lat' dir='ltr'><strong>posteritatem</strong></span> <span class='ocrx_word' id='word_1_93' title='bbox 810 1210 988 1287; x_wconf 87' lang='lat' dir='ltr'><strong>primi</strong></span> <span class='ocrx_word' id='word_1_94' title='bbox 1040 1209 1511 1270; x_wconf 84' lang='lat' dir='ltr'><strong>transmiserunt.</strong></span> <span class='ocrx_word' id='word_1_95' title='bbox 1590 1211 1684 1272; x_wconf 79' lang='lat' dir='ltr'><strong>Ac</strong></span> <span class='ocrx_word' id='word_1_96' title='bbox 1737 1212 1979 1289; x_wconf 87' lang='lat' dir='ltr'><strong>proinde</strong></span> <span class='ocrx_word' id='word_1_97' title='bbox 2044 1214 2199 1273; x_wconf 88' lang='lat' dir='ltr'><strong>sicut</strong></span> <span class='ocrx_word' id='word_1_98' title='bbox 2249 1218 2665 1292; x_wconf 83' lang='lat' dir='ltr'><strong>praestantium</strong></span> 
     </span>
     <span class='ocr_line' id='line_1_12' title="bbox 355 1307 2667 1389; baseline 0.003 -21"><span class='ocrx_word' id='word_1_99' title='bbox 355 1326 556 1369; x_wconf 86' lang='lat' dir='ltr'><strong>rerum</strong></span> <span class='ocrx_word' id='word_1_100' title='bbox 579 1308 916 1368; x_wconf 82' lang='lat' dir='ltr'><strong>inventores</strong></span> <span class='ocrx_word' id='word_1_101' title='bbox 941 1308 1190 1366; x_wconf 85' lang='lat' dir='ltr'><strong>multam</strong></span> <span class='ocrx_word' id='word_1_102' title='bbox 1229 1307 1481 1378; x_wconf 85' lang='lat' dir='ltr'><strong>laudem,</strong></span> <span class='ocrx_word' id='word_1_103' title='bbox 1522 1308 1605 1367; x_wconf 89' lang='lat' dir='ltr'><strong>sic</strong></span> <span class='ocrx_word' id='word_1_104' title='bbox 1646 1308 1738 1366; x_wconf 91' lang='lat' dir='ltr'><strong>illi</strong></span> <span class='ocrx_word' id='word_1_105' title='bbox 1779 1328 1897 1367; x_wconf 90' lang='lat' dir='ltr'><strong>non</strong></span> <span class='ocrx_word' id='word_1_106' title='bbox 1940 1309 2129 1369; x_wconf 74' lang='lat' dir='ltr'><strong>solum</strong></span> <span class='ocrx_word' id='word_1_107' title='bbox 2168 1314 2390 1389; x_wconf 84' lang='lat' dir='ltr'><strong>patrati</strong></span> <span class='ocrx_word' id='word_1_108' title='bbox 2426 1314 2667 1375; x_wconf 84' lang='lat' dir='ltr'><strong>sceleris</strong></span> 
     </span>
     <span class='ocr_line' id='line_1_13' title="bbox 355 1404 2663 1487; baseline 0.002 -23"><span class='ocrx_word' id='word_1_109' title='bbox 355 1424 640 1483; x_wconf 79' lang='lat' dir='ltr'><strong>magnam,</strong></span> <span class='ocrx_word' id='word_1_110' title='bbox 669 1405 778 1465; x_wconf 70' lang='lat' dir='ltr'><strong>sed&#39;</strong></span> <span class='ocrx_word' id='word_1_111' title='bbox 795 1404 1115 1482; x_wconf 78' lang='lat' dir='ltr'><strong>excogitati</strong></span> <span class='ocrx_word' id='word_1_112' title='bbox 1139 1405 1454 1463; x_wconf 81' lang='lat' dir='ltr'><strong>maximam</strong></span> <span class='ocrx_word' id='word_1_113' title='bbox 1478 1405 1857 1481; x_wconf 87' lang='lat' dir='ltr'><strong>ignominiam</strong></span> <span class='ocrx_word' id='word_1_114' title='bbox 1890 1406 2247 1469; x_wconf 89' lang='lat' dir='ltr'><strong>retulerunt.</strong></span> <span class='ocrx_word' id='word_1_115' title='bbox 2273 1420 2284 1428; x_wconf 81' lang='grc'><em>”</em></span> <span class='ocrx_word' id='word_1_116' title='bbox 2328 1410 2541 1487; x_wconf 73' lang='lat' dir='ltr'><strong>Vulgo</strong></span> <span class='ocrx_word' id='word_1_117' title='bbox 2570 1411 2663 1469; x_wconf 90' lang='lat' dir='ltr'><strong>di·-</strong></span> 
     </span>
     <span class='ocr_line' id='line_1_14' title="bbox 353 1598 2681 1681; baseline 0.002 -21"><span class='ocrx_word' id='word_1_118' title='bbox 353 1602 506 1669; x_wconf 85' lang='lat' dir='ltr'><strong>nihil</strong></span> <span class='ocrx_word' id='word_1_119' title='bbox 529 1601 769 1679; x_wconf 79' lang='lat' dir='ltr'><strong>gravius</strong></span> <span class='ocrx_word' id='word_1_120' title='bbox 795 1598 1010 1673; x_wconf 87' lang='lat' dir='ltr'><strong>dicam)</strong></span> <span class='ocrx_word' id='word_1_121' title='bbox 1037 1619 1292 1676; x_wconf 86' lang='lat' dir='ltr'><strong>quorum</strong></span> <span class='ocrx_word' id='word_1_122' title='bbox 1315 1599 1541 1677; x_wconf 75' lang='lat' dir='ltr'><strong>flagitio</strong></span> <span class='ocrx_word' id='word_1_123' title='bbox 1566 1601 1800 1659; x_wconf 90' lang='lat' dir='ltr'><strong>nullum</strong></span> <span class='ocrx_word' id='word_1_124' title='bbox 1826 1602 2115 1679; x_wconf 81' lang='lat' dir='ltr'><strong>praeteriti</strong></span> <span class='ocrx_word' id='word_1_125' title='bbox 2140 1606 2419 1681; x_wconf 89' lang='lat' dir='ltr'><strong>temporis</strong></span> <span class='ocrx_word' id='word_1_126' title='bbox 2460 1618 2681 1665; x_wconf 66' lang='lat' dir='ltr'><strong>exem:</strong></span> 
     </span>
     <span class='ocr_line' id='line_1_15' title="bbox 353 1697 2663 1781; baseline 0.002 -22"><span class='ocrx_word' id='word_1_127' title='bbox 353 1700 524 1777; x_wconf 83' lang='lat' dir='ltr'><strong>plum</strong></span> <span class='ocrx_word' id='word_1_128' title='bbox 547 1699 780 1777; x_wconf 83' lang='lat' dir='ltr'><strong>praeivit</strong></span> <span class='ocrx_word' id='word_1_129' title='bbox 805 1706 867 1757; x_wconf 92' lang='lat' dir='ltr'><strong>et</strong></span> <span class='ocrx_word' id='word_1_130' title='bbox 906 1698 1012 1775; x_wconf 87' lang='lat' dir='ltr'><strong>qui</strong></span> <span class='ocrx_word' id='word_1_131' title='bbox 1051 1697 1546 1758; x_wconf 84' lang='lat' dir='ltr'><strong>sceleratissimam</strong></span> <span class='ocrx_word' id='word_1_132' title='bbox 1586 1699 1973 1759; x_wconf 87' lang='lat' dir='ltr'><strong>imitationem</strong></span> <span class='ocrx_word' id='word_1_133' title='bbox 2009 1703 2265 1779; x_wconf 84' lang='lat' dir='ltr'><strong>exempli</strong></span> <span class='ocrx_word' id='word_1_134' title='bbox 2303 1704 2555 1781; x_wconf 89' lang='lat' dir='ltr'><strong>reliquis</strong></span> <span class='ocrx_word' id='word_1_135' title='bbox 2594 1706 2663 1763; x_wconf 89' lang='lat' dir='ltr'><strong>in</strong></span> 
     </span>
     <span class='ocr_line' id='line_1_16' title="bbox 353 1797 2661 1876; baseline 0.002 -18"><span class='ocrx_word' id='word_1_136' title='bbox 353 1807 651 1876; x_wconf 86' lang='lat' dir='ltr'><strong>posterum</strong></span> <span class='ocrx_word' id='word_1_137' title='bbox 691 1797 1097 1875; x_wconf 86' lang='lat' dir='ltr'><strong>prodiderunt.</strong></span> <span class='ocrx_word' id='word_1_138' title='bbox 1177 1797 1399 1855; x_wconf 84' lang='lat' dir='ltr'><strong>Eorum</strong></span> <span class='ocrx_word' id='word_1_139' title='bbox 1426 1797 1583 1855; x_wconf 89' lang='lat' dir='ltr'><strong>enim</strong></span> <span class='ocrx_word' id='word_1_140' title='bbox 1608 1797 1835 1856; x_wconf 77' lang='lat' dir='ltr'><strong>facinus</strong></span> <span class='ocrx_word' id='word_1_141' title='bbox 1863 1799 2051 1857; x_wconf 88' lang='lat' dir='ltr'><strong>omnis</strong></span> <span class='ocrx_word' id='word_1_142' title='bbox 2077 1799 2355 1860; x_wconf 77' lang='lat' dir='ltr'><strong>anteaetae&#39;</strong></span> <span class='ocrx_word' id='word_1_143' title='bbox 2380 1803 2661 1863; x_wconf 84' lang='lat' dir='ltr'><strong>atrocita-</strong></span> 
     </span>
     <span class='ocr_line' id='line_1_17' title="bbox 352 1892 2663 1972; baseline 0.003 -19"><span class='ocrx_word' id='word_1_144' title='bbox 352 1896 432 1955; x_wconf 85' lang='lat' dir='ltr'><strong>tis</strong></span> <span class='ocrx_word' id='word_1_145' title='bbox 469 1894 959 1972; x_wconf 83' lang='lat' dir='ltr'><strong>comparationem</strong></span> <span class='ocrx_word' id='word_1_146' title='bbox 999 1894 1159 1953; x_wconf 83' lang='lat' dir='ltr'><strong>vicit.</strong></span> <span class='ocrx_word' id='word_1_147' title='bbox 1239 1892 1372 1951; x_wconf 89' lang='lat' dir='ltr'><strong>Nisi</strong></span> <span class='ocrx_word' id='word_1_148' title='bbox 1415 1894 1604 1951; x_wconf 83' lang='lat' dir='ltr'><strong>velint</strong></span> <span class='ocrx_word' id='word_1_149' title='bbox 1643 1894 1967 1954; x_wconf 88' lang='lat' dir='ltr'><strong>imitatores</strong></span> <span class='ocrx_word' id='word_1_150' title='bbox 2002 1895 2207 1955; x_wconf 86' lang='lat' dir='ltr'><strong>haberi</strong></span> <span class='ocrx_word' id='word_1_151' title='bbox 2246 1899 2551 1959; x_wconf 57' lang='lat' dir='ltr'><strong>Pausanias</strong></span> <span class='ocrx_word' id='word_1_152' title='bbox 2598 1912 2663 1959; x_wconf 90' lang='lat' dir='ltr'><strong>et</strong></span> 
     </span>
     <span class='ocr_line' id='line_1_18' title="bbox 353 1990 2663 2069; baseline 0.002 -18"><span class='ocrx_word' id='word_1_153' title='bbox 353 1992 728 2063; x_wconf 80' lang='lat' dir='ltr'><strong>Hermocleae,</strong></span> <span class='ocrx_word' id='word_1_154' title='bbox 758 2010 1012 2067; x_wconf 83' lang='lat' dir='ltr'><strong>quorum</strong></span> <span class='ocrx_word' id='word_1_155' title='bbox 1029 1991 1128 2049; x_wconf 87' lang='lat' dir='ltr'><strong>hic</strong></span> <span class='ocrx_word' id='word_1_156' title='bbox 1152 1991 1244 2049; x_wconf 87' lang='lat' dir='ltr'><strong>illi</strong></span> <span class='ocrx_word' id='word_1_157' title='bbox 1263 1990 1601 2060; x_wconf 82' lang='lat' dir='ltr'><strong>sciscitanti,</strong></span> <span class='ocrx_word' id='word_1_158' title='bbox 1624 1990 1743 2068; x_wconf 70' lang='lat' dir='ltr'><strong>quii</strong></span> <span class='ocrx_word' id='word_1_159' title='bbox 1762 1992 2134 2069; x_wconf 75' lang='lat' dir='ltr'><strong>potissimum</strong></span> <span class='ocrx_word' id='word_1_160' title='bbox 2154 1994 2379 2053; x_wconf 86' lang='lat' dir='ltr'><strong>ratione</strong></span> <span class='ocrx_word' id='word_1_161' title='bbox 2402 1998 2663 2056; x_wconf 79' lang='lat' dir='ltr'><strong>nominis</strong></span> 
     </span>
     <span class='ocr_line' id='line_1_19' title="bbox 351 2090 2659 2169; baseline 0.003 -19"><span class='ocrx_word' id='word_1_162' title='bbox 351 2092 465 2151; x_wconf 88' lang='lat' dir='ltr'><strong>sibi</strong></span> <span class='ocrx_word' id='word_1_163' title='bbox 492 2092 892 2151; x_wconf 87' lang='lat' dir='ltr'><strong>celebritatem</strong></span> <span class='ocrx_word' id='word_1_164' title='bbox 917 2090 1075 2168; x_wconf 86' lang='lat' dir='ltr'><strong>apud</strong></span> <span class='ocrx_word' id='word_1_165' title='bbox 1099 2098 1356 2167; x_wconf 86' lang='lat' dir='ltr'><strong>posteros</strong></span> <span class='ocrx_word' id='word_1_166' title='bbox 1383 2100 1759 2169; x_wconf 88' lang='lat' dir='ltr'><strong>compararet,</strong></span> <span class='ocrx_word' id='word_1_167' title='bbox 1790 2092 2113 2169; x_wconf 77' lang='lat' dir='ltr'><strong>respondit,</strong></span> <span class='ocrx_word' id='word_1_168' title='bbox 2146 2092 2197 2151; x_wconf 83' lang='lat' dir='ltr'><strong>&#39;si</strong></span> <span class='ocrx_word' id='word_1_169' title='bbox 2235 2092 2414 2153; x_wconf 81' lang='lat' dir='ltr'><strong>alicui</strong></span> <span class='ocrx_word' id='word_1_170' title='bbox 2455 2096 2659 2155; x_wconf 78' lang='lat' dir='ltr'><strong>claris-</strong></span> 
     </span>
     <span class='ocr_line' id='line_1_20' title="bbox 351 2186 2658 2267; baseline 0.002 -19"><span class='ocrx_word' id='word_1_171' title='bbox 351 2190 498 2249; x_wconf 80' lang='lat' dir='ltr'><strong>simo</strong></span> <span class='ocrx_word' id='word_1_172' title='bbox 521 2208 724 2249; x_wconf 88' lang='lat' dir='ltr'><strong>necem</strong></span> <span class='ocrx_word' id='word_1_173' title='bbox 750 2188 1068 2260; x_wconf 83' lang='lat' dir='ltr'><strong>attulisset,</strong></span> <span class='ocrx_word' id='word_1_174' title='bbox 1096 2188 1290 2265; x_wconf 87' lang='lat' dir='ltr'><strong>ipsum</strong></span> <span class='ocrx_word' id='word_1_175' title='bbox 1309 2189 1436 2247; x_wconf 83' lang='lat' dir='ltr'><strong>voti</strong></span> <span class='ocrx_word' id='word_1_176' title='bbox 1463 2186 1785 2267; x_wconf 82' lang='lat' dir='ltr'><strong>compotem</strong></span> <span class='ocrx_word' id='word_1_177' title='bbox 1812 2190 2146 2250; x_wconf 58' lang='lat' dir='ltr'><strong>futurumss.</strong></span> <span class='ocrx_word' id='word_1_178' title='bbox 2172 2210 2179 2215; x_wconf 85' lang='lat'><em>·</em></span> <span class='ocrx_word' id='word_1_179' title='bbox 2202 2192 2346 2251; x_wconf 85' lang='lat' dir='ltr'><strong>Mox</strong></span> <span class='ocrx_word' id='word_1_180' title='bbox 2364 2192 2467 2252; x_wconf 90' lang='lat' dir='ltr'><strong>ille</strong></span> <span class='ocrx_word' id='word_1_181' title='bbox 2486 2194 2658 2253; x_wconf 83' lang='lat' dir='ltr'><strong>Phil-</strong></span> 
     </span>
     <span class='ocr_line' id='line_1_21' title="bbox 349 2285 2659 2364; baseline 0.004 -21"><span class='ocrx_word' id='word_1_182' title='bbox 349 2287 489 2364; x_wconf 92' lang='lat' dir='ltr'><strong>ippo</strong></span> <span class='ocrx_word' id='word_1_183' title='bbox 525 2286 910 2347; x_wconf 75' lang='lat' dir='ltr'><strong>Macedonum</strong></span> <span class='ocrx_word' id='word_1_184' title='bbox 939 2285 1085 2361; x_wconf 77' lang='lat' dir='ltr'><strong>Regi</strong></span> <span class='ocrx_word' id='word_1_185' title='bbox 1109 2285 1292 2343; x_wconf 85' lang='lat' dir='ltr'><strong>vitam</strong></span> <span class='ocrx_word' id='word_1_186' title='bbox 1331 2286 1573 2362; x_wconf 85' lang='lat' dir='ltr'><strong>eripuit.</strong></span> <span class='ocrx_word' id='word_1_187' title='bbox 1652 2288 1953 2346; x_wconf 78' lang='lat' dir='ltr'><strong>Inferioris</strong></span> <span class='ocrx_word' id='word_1_188' title='bbox 1988 2288 2135 2348; x_wconf 81' lang='lat' dir='ltr'><strong>aulae</strong></span> <span class='ocrx_word' id='word_1_189' title='bbox 2172 2309 2471 2350; x_wconf 83' lang='lat' dir='ltr'><strong>consessus</strong></span> <span class='ocrx_word' id='word_1_190' title='bbox 2498 2293 2659 2352; x_wconf 90' lang='lat' dir='ltr'><strong>Her-</strong></span> 
     </span>
     <span class='ocr_line' id='line_1_22' title="bbox 349 2382 2659 2463; baseline 0.002 -17"><span class='ocrx_word' id='word_1_191' title='bbox 349 2386 606 2457; x_wconf 73' lang='lat' dir='ltr'><strong>mocleoe,</strong></span> <span class='ocrx_word' id='word_1_192' title='bbox 631 2382 808 2463; x_wconf 84' lang='lat' dir='ltr'><strong>Regis</strong></span> <span class='ocrx_word' id='word_1_193' title='bbox 831 2392 1133 2454; x_wconf 77' lang='lat' dir='ltr'><strong>mactator,</strong></span> <span class='ocrx_word' id='word_1_194' title='bbox 1162 2384 1465 2442; x_wconf 85' lang='lat' dir='ltr'><strong>Pausaniae</strong></span> <span class='ocrx_word' id='word_1_195' title='bbox 1492 2385 1935 2444; x_wconf 86' lang='lat' dir='ltr'><strong>similitudinem</strong></span> <span class='ocrx_word' id='word_1_196' title='bbox 1954 2387 2153 2446; x_wconf 87' lang='lat' dir='ltr'><strong>refert.</strong></span> <span class='ocrx_word' id='word_1_197' title='bbox 2174 2410 2181 2417; x_wconf 89' lang='lat'><strong>·</strong></span> <span class='ocrx_word' id='word_1_198' title='bbox 2208 2388 2309 2446; x_wconf 90' lang='lat' dir='ltr'><strong>Illi</strong></span> <span class='ocrx_word' id='word_1_199' title='bbox 2334 2390 2491 2448; x_wconf 89' lang='lat' dir='ltr'><strong>enim</strong></span> <span class='ocrx_word' id='word_1_200' title='bbox 2516 2411 2659 2451; x_wconf 90' lang='lat' dir='ltr'><strong>con—</strong></span> 
     </span>
     <span class='ocr_line' id='line_1_23' title="bbox 349 2483 2655 2562; baseline 0.002 -19"><span class='ocrx_word' id='word_1_201' title='bbox 349 2486 499 2556; x_wconf 78' lang='lat' dir='ltr'><strong>silio,</strong></span> <span class='ocrx_word' id='word_1_202' title='bbox 526 2485 625 2543; x_wconf 84' lang='lat' dir='ltr'><strong>hic</strong></span> <span class='ocrx_word' id='word_1_203' title='bbox 650 2484 875 2560; x_wconf 82' lang='lat' dir='ltr'><strong>flagitio</strong></span> <span class='ocrx_word' id='word_1_204' title='bbox 901 2483 1242 2541; x_wconf 88' lang='lat' dir='ltr'><strong>maluerunt</strong></span> <span class='ocrx_word' id='word_1_205' title='bbox 1267 2483 1659 2541; x_wconf 82' lang='lat' dir='ltr'><strong>crudelissimi</strong></span> <span class='ocrx_word' id='word_1_206' title='bbox 1696 2484 2039 2542; x_wconf 86' lang='lat' dir='ltr'><strong>mortalium</strong></span> <span class='ocrx_word' id='word_1_207' title='bbox 2078 2505 2113 2543; x_wconf 90' lang='lat' dir='ltr'><strong>a</strong></span> <span class='ocrx_word' id='word_1_208' title='bbox 2150 2488 2401 2562; x_wconf 85' lang='lat' dir='ltr'><strong>posteris</strong></span> <span class='ocrx_word' id='word_1_209' title='bbox 2424 2490 2655 2561; x_wconf 83' lang='lat' dir='ltr'><strong>audire,</strong></span> 
     </span>
     <span class='ocr_line' id='line_1_24' title="bbox 350 2577 2657 2661; baseline 0.003 -20"><span class='ocrx_word' id='word_1_210' title='bbox 350 2577 531 2661; x_wconf 58' lang='lat' dir='ltr'><strong>quam</strong></span> <span class='ocrx_word' id='word_1_211' title='bbox 557 2584 732 2643; x_wconf 89' lang='lat' dir='ltr'><strong>sileri.</strong></span> <span class='ocrx_word' id='word_1_212' title='bbox 813 2582 945 2639; x_wconf 88' lang='lat' dir='ltr'><strong>Nisi</strong></span> <span class='ocrx_word' id='word_1_213' title='bbox 969 2581 1195 2650; x_wconf 83' lang='lat' dir='ltr'><strong>malint,</strong></span> <span class='ocrx_word' id='word_1_214' title='bbox 1226 2582 1364 2655; x_wconf 85' lang='lat' dir='ltr'><strong>quia</strong></span> <span class='ocrx_word' id='word_1_215' title='bbox 1389 2600 1498 2657; x_wconf 85' lang='lat' dir='ltr'><strong>pro</strong></span> <span class='ocrx_word' id='word_1_216' title='bbox 1524 2582 1889 2639; x_wconf 87' lang='lat' dir='ltr'><strong>senatoribus</strong></span> <span class='ocrx_word' id='word_1_217' title='bbox 1913 2581 2117 2640; x_wconf 85' lang='lat' dir='ltr'><strong>haberi</strong></span> <span class='ocrx_word' id='word_1_218' title='bbox 2142 2585 2370 2655; x_wconf 87' lang='lat' dir='ltr'><strong>volunt,</strong></span> <span class='ocrx_word' id='word_1_219' title='bbox 2400 2586 2657 2647; x_wconf 71' lang='lat' dir='ltr'><strong>Senatt‘is</strong></span> 
     </span>
     <span class='ocr_line' id='line_1_25' title="bbox 349 2676 2653 2761; baseline 0.002 -21"><span class='ocrx_word' id='word_1_220' title='bbox 349 2680 598 2741; x_wconf 81' lang='lat' dir='ltr'><strong>Romani</strong></span> <span class='ocrx_word' id='word_1_221' title='bbox 633 2678 898 2754; x_wconf 83' lang='lat' dir='ltr'><strong>vestigiis</strong></span> <span class='ocrx_word' id='word_1_222' title='bbox 939 2676 1226 2749; x_wconf 87' lang='lat' dir='ltr'><strong>insistere,</strong></span> <span class='ocrx_word' id='word_1_223' title='bbox 1281 2678 1386 2753; x_wconf 90' lang='lat' dir='ltr'><strong>qui</strong></span> <span class='ocrx_word' id='word_1_224' title='bbox 1438 2678 1838 2753; x_wconf 83' lang='lat' dir='ltr'><strong>parricidium,</strong></span> <span class='ocrx_word' id='word_1_225' title='bbox 1894 2698 2012 2754; x_wconf 88' lang='lat' dir='ltr'><strong>quo</strong></span> <span class='ocrx_word' id='word_1_226' title='bbox 2058 2680 2217 2739; x_wconf 81' lang='lat' dir='ltr'><strong>Nero</strong></span> <span class='ocrx_word' id='word_1_227' title='bbox 2254 2683 2653 2761; x_wconf 76' lang='lat' dir='ltr'><strong>Agrippinam</strong></span> 
     </span>
     <span class='ocr_line' id='line_1_26' title="bbox 347 2774 1413 2851; baseline -0.005 -13"><span class='ocrx_word' id='word_1_228' title='bbox 347 2787 595 2838; x_wconf 85' lang='lat' dir='ltr'><strong>matrem</strong></span> <span class='ocrx_word' id='word_1_229' title='bbox 619 2776 806 2835; x_wconf 90' lang='lat' dir='ltr'><strong>occidi</strong></span> <span class='ocrx_word' id='word_1_230' title='bbox 825 2774 1024 2850; x_wconf 87' lang='lat' dir='ltr'><strong>jussit,</strong></span> <span class='ocrx_word' id='word_1_231' title='bbox 1051 2775 1413 2851; x_wconf 79' lang='lat' dir='ltr'><strong>approbavit.</strong></span> 
     </span>
    </p>

    <p class='ocr_par' dir='ltr' id='par_1_4' title="bbox 345 2872 2653 3344">
     <span class='ocr_line' id='line_1_27' title="bbox 467 2872 2653 2955; baseline 0.005 -24"><span class='ocrx_word' id='word_1_232' title='bbox 467 2876 682 2933; x_wconf 87' lang='lat' dir='ltr'><strong>Omnes</strong></span> <span class='ocrx_word' id='word_1_233' title='bbox 708 2872 944 2931; x_wconf 89' lang='lat' dir='ltr'><strong>omnino</strong></span> <span class='ocrx_word' id='word_1_234' title='bbox 961 2881 1184 2947; x_wconf 79' lang='lat' dir='ltr'><strong>strages</strong></span> <span class='ocrx_word' id='word_1_235' title='bbox 1202 2890 1237 2929; x_wconf 85' lang='lat' dir='ltr'><strong>a</strong></span> <span class='ocrx_word' id='word_1_236' title='bbox 1255 2872 1755 2932; x_wconf 83' lang='lat' dir='ltr'><strong>tumultuantium</strong></span> <span class='ocrx_word' id='word_1_237' title='bbox 1774 2876 1837 2931; x_wconf 93' lang='lat' dir='ltr'><strong>in</strong></span> <span class='ocrx_word' id='word_1_238' title='bbox 1860 2876 2150 2934; x_wconf 64' lang='lat' dir='ltr'><strong>Hibernia</strong></span> <span class='ocrx_word' id='word_1_239' title='bbox 2164 2879 2463 2955; x_wconf 84' lang='lat' dir='ltr'><strong>gregibus,</strong></span> <span class='ocrx_word' id='word_1_240' title='bbox 2478 2882 2653 2944; x_wconf 70' lang='lat' dir='ltr'><strong>caedis</strong></span> 
     </span>
     <span class='ocr_line' id='line_1_28' title="bbox 349 2960 2653 3055; baseline 0.004 -22"><span class='ocrx_word' id='word_1_241' title='bbox 349 2974 543 3051; x_wconf 81' lang='lat' dir='ltr'><strong>Regiae</strong></span> <span class='ocrx_word' id='word_1_242' title='bbox 569 2973 919 3049; x_wconf 82' lang='lat' dir='ltr'><strong>gravitatem</strong></span> <span class='ocrx_word' id='word_1_243' title='bbox 945 2972 1120 3047; x_wconf 85' lang='lat' dir='ltr'><strong>longo</strong></span> <span class='ocrx_word' id='word_1_244' title='bbox 1161 2970 1469 3029; x_wconf 85' lang='lat' dir='ltr'><strong>intervallo</strong></span> <span class='ocrx_word' id='word_1_245' title='bbox 1516 2960 1868 3047; x_wconf 83' lang='lat' dir='ltr'><strong>sequuntur.</strong></span> <span class='ocrx_word' id='word_1_246' title='bbox 1945 2973 2034 3032; x_wconf 88' lang='lat' dir='ltr'><strong>Ut</strong></span> <span class='ocrx_word' id='word_1_247' title='bbox 2076 2983 2298 3034; x_wconf 88' lang='lat' dir='ltr'><strong>taceam</strong></span> <span class='ocrx_word' id='word_1_248' title='bbox 2318 2979 2542 3055; x_wconf 25' lang='lat' dir='ltr'><strong>,plures</strong></span> <span class='ocrx_word' id='word_1_249' title='bbox 2592 2992 2653 3043; x_wconf 89' lang='lat' dir='ltr'><strong>et</strong></span> 
     </span>
     <span class='ocr_line' id='line_1_29' title="bbox 347 3067 2651 3146; baseline 0.005 -17"><span class='ocrx_word' id='word_1_250' title='bbox 347 3070 658 3129; x_wconf 82' lang='lat' dir='ltr'><strong>atrociores</strong></span> <span class='ocrx_word' id='word_1_251' title='bbox 704 3069 896 3127; x_wconf 88' lang='lat' dir='ltr'><strong>clades</strong></span> <span class='ocrx_word' id='word_1_252' title='bbox 940 3067 1168 3126; x_wconf 88' lang='lat' dir='ltr'><strong>hostem</strong></span> <span class='ocrx_word' id='word_1_253' title='bbox 1211 3068 1491 3125; x_wconf 84' lang='lat' dir='ltr'><strong>Hibernis</strong></span> <span class='ocrx_word' id='word_1_254' title='bbox 1532 3069 1841 3127; x_wconf 84' lang='lat' dir='ltr'><strong>intulisse⁴³</strong></span> <span class='ocrx_word' id='word_1_255' title='bbox 1886 3072 2067 3146; x_wconf 69' lang='lat' dir='ltr'><strong>quam</strong></span> <span class='ocrx_word' id='word_1_256' title='bbox 2119 3074 2193 3130; x_wconf 88' lang='lat' dir='ltr'><strong>ab</strong></span> <span class='ocrx_word' id='word_1_257' title='bbox 2238 3074 2312 3132; x_wconf 89' lang='lat' dir='ltr'><strong>iis</strong></span> <span class='ocrx_word' id='word_1_258' title='bbox 2355 3078 2651 3141; x_wconf 87' lang='lat' dir='ltr'><strong>retulisse.</strong></span> 
     </span>
     <span class='ocr_line' id='line_1_30' title="bbox 349 3166 2647 3251; baseline 0.004 -23"><span class='ocrx_word' id='word_1_259' title='bbox 349 3171 632 3240; x_wconf 67' lang='lat' dir='ltr'><strong>Quarum·</strong></span> <span class='ocrx_word' id='word_1_260' title='bbox 653 3166 894 3245; x_wconf 86' lang='lat' dir='ltr'><strong>posthac</strong></span> <span class='ocrx_word' id='word_1_261' title='bbox 938 3166 1248 3225; x_wconf 87' lang='lat' dir='ltr'><strong>nonnullas</strong></span> <span class='ocrx_word' id='word_1_262' title='bbox 1293 3167 1493 3243; x_wconf 86' lang='lat' dir='ltr'><strong>paucis</strong></span> <span class='ocrx_word' id='word_1_263' title='bbox 1538 3167 1863 3227; x_wconf 77' lang='lat' dir='ltr'><strong>insinuabo.</strong></span> <span class='ocrx_word' id='word_1_264' title='bbox 1946 3169 2075 3229; x_wconf 87' lang='lat' dir='ltr'><strong>Rex</strong></span> <span class='ocrx_word' id='word_1_265' title='bbox 2115 3172 2288 3243; x_wconf 89' lang='lat' dir='ltr'><strong>enim,</strong></span> <span class='ocrx_word' id='word_1_266' title='bbox 2337 3183 2411 3234; x_wconf 87' lang='lat' dir='ltr'><strong>ut</strong></span> <span class='ocrx_word' id='word_1_267' title='bbox 2454 3178 2647 3251; x_wconf 88' lang='lat' dir='ltr'><strong>aiunt,</strong></span> 
     </span>
     <span class='ocr_line' id='line_1_31' title="bbox 345 3262 2649 3344; baseline 0.003 -16"><span class='ocrx_word' id='word_1_268' title='bbox 345 3288 503 3329; x_wconf 88' lang='lat' dir='ltr'><strong>unus</strong></span> <span class='ocrx_word' id='word_1_269' title='bbox 528 3268 716 3325; x_wconf 84' lang='lat' dir='ltr'><strong>instar</strong></span> <span class='ocrx_word' id='word_1_270' title='bbox 741 3264 1004 3324; x_wconf 85' lang='lat' dir='ltr'><strong>omnium</strong></span> <span class='ocrx_word' id='word_1_271' title='bbox 1040 3272 1145 3322; x_wconf 89' lang='lat' dir='ltr'><strong>est.</strong></span> <span class='ocrx_word' id='word_1_272' title='bbox 1229 3262 1495 3323; x_wconf 89' lang='lat' dir='ltr'><strong>Ciceroni</strong></span> <span class='ocrx_word' id='word_1_273' title='bbox 1543 3270 1579 3298; x_wconf 91' lang='lat'><strong>“</strong></span> <span class='ocrx_word' id='word_1_274' title='bbox 1596 3284 1751 3323; x_wconf 90' lang='lat' dir='ltr'><strong>unus</strong></span> <span class='ocrx_word' id='word_1_275' title='bbox 1779 3266 1926 3324; x_wconf 86' lang='lat' dir='ltr'><strong>Cato</strong></span> <span class='ocrx_word' id='word_1_276' title='bbox 1972 3287 2080 3344; x_wconf 91' lang='lat' dir='ltr'><strong>pro</strong></span> <span class='ocrx_word' id='word_1_277' title='bbox 2117 3278 2355 3329; x_wconf 88' lang='lat' dir='ltr'><strong>centum</strong></span> <span class='ocrx_word' id='word_1_278' title='bbox 2380 3274 2649 3335; x_wconf 86' lang='lat' dir='ltr'><strong>millibus</strong></span> 
     </span>
    </p>
   </div>
   <div class='ocr_carea' id='block_1_4' title="bbox 345 3486 2644 3612">
    <p class='ocr_par' dir='ltr' id='par_1_5' title="bbox 345 3486 2644 3612">
     <span class='ocr_line' id='line_1_32' title="bbox 409 3486 2644 3561; baseline 0.009 -33"><span class='ocrx_word' id='word_1_279' title='bbox 409 3492 452 3521; x_wconf 86' lang='lat'><strong>⁴0</strong></span> <span class='ocrx_word' id='word_1_280' title='bbox 473 3489 582 3539; x_wconf 59' lang='grc' dir='ltr'><strong>ναι,</strong></span> <span class='ocrx_word' id='word_1_281' title='bbox 613 3488 748 3535; x_wconf 74' lang='lat' dir='ltr'><strong>Max.</strong></span> <span class='ocrx_word' id='word_1_282' title='bbox 787 3487 867 3533; x_wconf 87' lang='lat' dir='ltr'><strong>lib.</strong></span> <span class='ocrx_word' id='word_1_283' title='bbox 902 3486 949 3533; x_wconf 87' lang='lat' dir='ltr'><strong>ii.</strong></span> <span class='ocrx_word' id='word_1_284' title='bbox 981 3500 1021 3532; x_wconf 87' lang='lat' dir='ltr'><strong>c.</strong></span> <span class='ocrx_word' id='word_1_285' title='bbox 1057 3487 1164 3533; x_wconf 82' lang='lat'><strong>106.</strong></span> <span class='ocrx_word' id='word_1_286' title='bbox 1231 3486 1270 3515; x_wconf 83' lang='lat'><strong>⁴¹</strong></span> <span class='ocrx_word' id='word_1_287' title='bbox 1286 3486 1471 3533; x_wconf 79' lang='lat' dir='ltr'><strong>Tacit.</strong></span> <span class='ocrx_word' id='word_1_288' title='bbox 1455 3500 1506 3533; x_wconf 89' lang='grc' dir='ltr'><strong>ιιι</strong></span> <span class='ocrx_word' id='word_1_289' title='bbox 1536 3487 1649 3534; x_wconf 84' lang='lat' dir='ltr'><strong>Vita</strong></span> <span class='ocrx_word' id='word_1_290' title='bbox 1668 3486 1909 3548; x_wconf 74' lang='lat' dir='ltr'><strong>Agricolas,</strong></span> <span class='ocrx_word' id='word_1_291' title='bbox 1946 3491 2034 3539; x_wconf 86' lang='lat' dir='ltr'><strong>sub</strong></span> <span class='ocrx_word' id='word_1_292' title='bbox 2054 3490 2206 3538; x_wconf 83' lang='lat' dir='ltr'><strong>finem.</strong></span> <span class='ocrx_word' id='word_1_293' title='bbox 2273 3494 2644 3561; x_wconf 52' lang='lat' dir='ltr'><strong>&amp;Polion-uticus,</strong></span> 
     </span>
     <span class='ocr_line' id='line_1_33' title="bbox 345 3546 2391 3612; baseline 0 -9"><span class='ocrx_word' id='word_1_294' title='bbox 345 3556 481 3603; x_wconf 87' lang='lat' dir='ltr'><strong>Joan.</strong></span> <span class='ocrx_word' id='word_1_295' title='bbox 506 3554 648 3603; x_wconf 79' lang='lat' dir='ltr'><strong>Saris.</strong></span> <span class='ocrx_word' id='word_1_296' title='bbox 671 3551 752 3599; x_wconf 89' lang='lat' dir='ltr'><strong>lib.</strong></span> <span class='ocrx_word' id='word_1_297' title='bbox 783 3549 882 3599; x_wconf 81' lang='lat' dir='ltr'><strong>viii.</strong></span> <span class='ocrx_word' id='word_1_298' title='bbox 906 3564 951 3610; x_wconf 89' lang='lat' dir='ltr'><strong>p.</strong></span> <span class='ocrx_word' id='word_1_299' title='bbox 976 3552 1088 3597; x_wconf 79' lang='lat'><strong>465.</strong></span> <span class='ocrx_word' id='word_1_300' title='bbox 1154 3546 1356 3608; x_wconf 65' lang='lat' dir='ltr'><strong>”Iun-a,</strong></span> <span class='ocrx_word' id='word_1_301' title='bbox 1383 3552 1547 3610; x_wconf 55' lang='lat'>12255</span> <span class='ocrx_word' id='word_1_302' title='bbox 1571 3557 1619 3597; x_wconf 88' lang='lat' dir='ltr'><strong>et</strong></span> <span class='ocrx_word' id='word_1_303' title='bbox 1640 3566 1733 3612; x_wconf 87' lang='lat' dir='ltr'><strong>seq.</strong></span> <span class='ocrx_word' id='word_1_304' title='bbox 1800 3553 2096 3601; x_wconf 80' lang='lat' dir='ltr'><strong>⁴⁴AdAttic.</strong></span> <span class='ocrx_word' id='word_1_305' title='bbox 2118 3555 2197 3603; x_wconf 86' lang='lat' dir='ltr'><strong>lib.</strong></span> <span class='ocrx_word' id='word_1_306' title='bbox 2221 3557 2268 3601; x_wconf 88' lang='lat' dir='ltr'><strong>ii.</strong></span> <span class='ocrx_word' id='word_1_307' title='bbox 2288 3572 2327 3604; x_wconf 89' lang='lat' dir='ltr'><strong>c.</strong></span> <span class='ocrx_word' id='word_1_308' title='bbox 2348 3562 2391 3604; x_wconf 83' lang='grc'><strong>6.</strong></span> 
     </span>
    </p>
   </div>
   <div class='ocr_carea' id='block_1_5' title="bbox 345 3763 2649 3911">
    <p class='ocr_par' dir='ltr' id='par_1_6' title="bbox 345 3763 2649 3911">
     <span class='ocr_line' id='line_1_34' title="bbox 411 3763 2649 3831; baseline 0.004 -16"><span class='ocrx_word' id='word_1_309' title='bbox 411 3768 660 3831; x_wconf 67' lang='lat' dir='ltr'><strong>¹¹!Bruodin</strong></span> <span class='ocrx_word' id='word_1_310' title='bbox 673 3764 743 3830; x_wconf 88' lang='lat' dir='ltr'><strong>(p.</strong></span> <span class='ocrx_word' id='word_1_311' title='bbox 756 3763 877 3829; x_wconf 85' lang='grc'>667)</span> <span class='ocrx_word' id='word_1_312' title='bbox 897 3766 1062 3827; x_wconf 80' lang='lat' dir='ltr'><strong>speaks</strong></span> <span class='ocrx_word' id='word_1_313' title='bbox 1074 3764 1196 3813; x_wconf 76' lang='lat' dir='ltr'><strong>osan</strong></span> <span class='ocrx_word' id='word_1_314' title='bbox 1211 3764 1449 3812; x_wconf 82' lang='lat' dir='ltr'><strong>interview</strong></span> <span class='ocrx_word' id='word_1_315' title='bbox 1547 3766 1698 3813; x_wconf 82' lang='lat' dir='ltr'><strong>which</strong></span> <span class='ocrx_word' id='word_1_316' title='bbox 1734 3766 1815 3814; x_wconf 81' lang='lat' dir='ltr'><strong>the</strong></span> <span class='ocrx_word' id='word_1_317' title='bbox 1848 3766 1987 3815; x_wconf 79' lang='lat' dir='ltr'><strong>latter</strong></span> <span class='ocrx_word' id='word_1_318' title='bbox 2034 3769 2211 3817; x_wconf 74' lang='lat' dir='ltr'><strong>refused</strong></span> <span class='ocrx_word' id='word_1_319' title='bbox 2252 3774 2303 3817; x_wconf 90' lang='lat' dir='ltr'><strong>to</strong></span> <span class='ocrx_word' id='word_1_320' title='bbox 2343 3772 2522 3821; x_wconf 79' lang='lat' dir='ltr'><strong>behead</strong></span> <span class='ocrx_word' id='word_1_321' title='bbox 2567 3776 2649 3823; x_wconf 81' lang='lat' dir='ltr'><strong>the</strong></span> 
     </span>
     <span class='ocr_line' id='line_1_35' title="bbox 345 3849 2523 3911; baseline 0 -9"><span class='ocrx_word' id='word_1_322' title='bbox 345 3856 548 3902; x_wconf 82' lang='lat' dir='ltr'><strong>between</strong></span> <span class='ocrx_word' id='word_1_323' title='bbox 570 3852 826 3901; x_wconf 81' lang='lat' dir='ltr'><strong>Bradshaw</strong></span> <span class='ocrx_word' id='word_1_324' title='bbox 847 3852 940 3901; x_wconf 78' lang='lat' dir='ltr'><strong>and</strong></span> <span class='ocrx_word' id='word_1_325' title='bbox 960 3852 1040 3899; x_wconf 88' lang='lat' dir='ltr'><strong>the</strong></span> <span class='ocrx_word' id='word_1_326' title='bbox 1061 3849 1364 3909; x_wconf 54' lang='lat' dir='ltr'><strong>executionem</strong></span> <span class='ocrx_word' id='word_1_327' title='bbox 1399 3850 1449 3896; x_wconf 87' lang='lat' dir='ltr'><strong>in</strong></span> <span class='ocrx_word' id='word_1_328' title='bbox 1547 3850 1675 3911; x_wconf 84' lang='lat' dir='ltr'><strong>king,</strong></span> <span class='ocrx_word' id='word_1_329' title='bbox 1700 3850 1831 3911; x_wconf 85' lang='lat' dir='ltr'><strong>flung</strong></span> <span class='ocrx_word' id='word_1_330' title='bbox 1853 3851 1990 3898; x_wconf 77' lang='lat' dir='ltr'><strong>down</strong></span> <span class='ocrx_word' id='word_1_331' title='bbox 2006 3851 2085 3898; x_wconf 83' lang='lat' dir='ltr'><strong>the</strong></span> <span class='ocrx_word' id='word_1_332' title='bbox 2106 3866 2210 3911; x_wconf 83' lang='lat' dir='ltr'><strong>axe,</strong></span> <span class='ocrx_word' id='word_1_333' title='bbox 2230 3854 2322 3900; x_wconf 80' lang='lat' dir='ltr'><strong>and</strong></span> <span class='ocrx_word' id='word_1_334' title='bbox 2342 3854 2523 3902; x_wconf 74' lang='lat' dir='ltr'><strong>retii-ed.</strong></span> 
     </span>
    </p>
   </div>
   <div class='ocr_carea' id='block_1_6' title="bbox 2810 2254 2818 3100">
    <p class='ocr_par' dir='ltr' id='par_1_7' title="bbox 2810 2254 2818 3100">
     <span class='ocr_line' id='line_1_36' title="bbox 2810 2254 2818 3100; baseline 0 0"><span class='ocrx_word' id='word_1_335' title='bbox 2810 2254 2818 3100; x_wconf 95' lang='lat' dir='ltr'><strong> </strong></span> 
     </span>
    </p>
   </div>
   <div class='ocr_carea' id='block_1_7' title="bbox 2810 3832 2813 4019">
    <p class='ocr_par' dir='ltr' id='par_1_8' title="bbox 2810 3832 2813 4019">
     <span class='ocr_line' id='line_1_37' title="bbox 2810 3832 2813 4019; baseline 0 0"><span class='ocrx_word' id='word_1_336' title='bbox 2810 3832 2813 4019; x_wconf 95' lang='lat' dir='ltr'><strong> </strong></span> 
     </span>
    </p>
   </div>
  </div>
 </body>
</html>
