2834 4467
391 244 474 304 20
1133 259 1441 303 Emsrom
1475 234 1939 305 nnnmnmiu,

291 450 306 469 .
388 412 702 480 remittere,
735 422 793 469 et
819 414 1097 471 invidiam
1127 432 1326 470 rerum
1357 433 1470 470 non
1500 414 1570 471 ad
1600 433 1847 481 causam,
1878 414 1973 471 sed
2004 412 2075 469 ad
2104 413 2468 469 voluntatem
2502 430 2691 487 perso·

389 534 613 591 nasque
649 515 1001 589 dirigereffiss’
1085 516 1292 590 Itaque
1337 526 1485 589 quot
1530 518 1837 573 Senatores
1887 516 1947 571 in
1996 516 2069 571 iis
2096 514 2366 572 Comitiis
2414 513 2692 587 suffragia

391 614 682 683 tulerunt,
710 615 771 671 in
809 614 1053 671 totidem
1087 614 1282 671 Sullas
1322 615 1673 689 migri‘irunt.
1757 615 1911 683 Quia
1952 615 2121 677 sicut,
2166 613 2333 671 Sulla
2372 613 2689 677 Dictatore,

389 730 558 767 nemo
585 722 690 773 aut
717 714 882 777 bona,
913 719 1019 768 aut
1046 711 1311 787 patriam,
1343 721 1450 767 aut
1478 712 1657 769 vitam
1685 722 1883 769 tenere
1917 711 2171 787 potuitss,
2216 711 2299 767 sic
2342 711 2433 765 illi
2474 710 2551 767 ad
2595 730 2692 765 nos

387 811 644 869 fortunis
693 810 990 868 exuendos
1033 811 1174 867 totis
1215 812 1523 867 conatibus
1569 812 1989 869 incubuerunt.
2074 811 2551 876 Emissariorum‚
2594 810 2693 883 qui

390 928 592 965 eorum
612 909 785 983 jussu
814 909 874 965 in
907 909 1251 965 Hiberniam
1279 889 1691 976 excurrerunt,
1720 909 1967 966 assiduis
1994 909 2344 965 clamoribus
2371 927 2549 964 aures
2568 926 2694 963 nos—

391 1018 498 1063 trae
541 1007 766 1063 dudum
809 1007 1200 1082 personarunt
1243 1008 1603 1065 dicentium:
1668 1007 1789 1063 suis
1837 1026 1939 1063 nos
1976 1007 2151 1064 armis
2192 1006 2479 1081 protritos
2527 1005 2696 1069 avitis

392 1105 626 1163 sedibus
653 1106 944 1173 excedere,
965 1125 1030 1163 ac
1057 1092 1281 1163 easdem
1311 1107 1424 1163 sibi
1450 1108 1651 1163 cedere
1678 1107 1912 1173 debere,
1964 1106 2129 1163 ‚Justi
2156 1104 2391 1179 quidem
2416 1104 2699 1178 -licitique

391 1206 532 1261 belli
560 1205 713 1278 leges
740 1204 895 1261 ferre
925 1223 1038 1259 non
1065 1203 1318 1281 diffiteor
1345 1212 1417 1261 ut
1444 1205 1711 1260 fusorum
1737 1204 1958 1261 fundus

953 1341 984 1365 ‘⁴
1001 1339 1240 1385 Per-mutet
1261 1339 1471 1386 dominos
1490 1345 1538 1385 et
1559 1340 1693 1386 cedat
1712 1340 1761 1385 in
1784 1339 1931 1387 altera
1946 1336 2143 1398 jura-⁵⁰3⁹

395 1466 509 1523 Sed
535 1465 626 1521 illi
639 1463 749 1541 jus
777 1462 1100 1538 atqui-belli
1125 1462 1200 1519 ad
1237 1462 1545 1519 latrocinia
1581 1462 1963 1529 transferunt,
2006 1463 2225 1537 quibus
2260 1478 2366 1519 nos
2400 1463 2511 1520 diu
2546 1465 2698 1519 'mul-

394 1563 640 1638 tumque
664 1559 1037 1618 infesffirunt.
1122 1561 1309 1616 Arma
1333 1560 1491 1617 enim
1518 1560 1578 1615 in
1607 1560 1943 1635 Principem
1956 1560 2225 1629 rebellia,
2252 1560 2317 1616 in
2354 1561 2544 1617 socios
2572 1580 2699 1636 per·

392 1660 526 1727 fida,
555 1658 850 1717 latrocinii
874 1676 990 1713 non
1015 1657 1159 1715 belli
1183 1676 1392 1714 nomen
1422 1658 1701 1715 referunt.
1771 1658 1971 1715 Causae
1994 1656 2230 1732 quidem
2258 1677 2377 1714 suae
2394 1657 2699 1731 ‘justitiam

393 1759 530 1816 inde
554 1766 946 1834 aucupantur,
986 1755 1151 1843 quod
1185 1774 1262 1813 ex
1296 1756 1475 1812 animi
1507 1756 1599 1812 sui
1637 1755 1929 1812 sententia
1963 1754 2187 1837 belluni
2226 1756 2299 1812 iis
2336 1756 2696 1821 successerit,

353 1842 356 1845 ⁴
395 1858 514 1915 illis
553 1857 844 1925 victorias,
890 1856 1060 1913 nobis
1099 1854 1287 1912 clades
1325 1854 1735 1912 referentibus.
1818 1853 1933 1911 Sed
1958 1853 2209 1911 frustra:
2251 1854 2387 1911 cnm
2430 1856 2705 1913 “incerti

395 1976 626 2031 semper
647 1956 844 2013 exitus
873 1954 1208 2030 praeliorum
1237 1952 1414 2021 ἔπιθ’,
1462 1962 1522 2010 et
1560 1959 1597 1986 “
1616 1953 1777 2010 Mars
1804 1954 2127 2011 communis
2166 1972 2315 2029 saepe
2354 1954 2703 2029 spoliantem

395 2054 571 2111 etiam
595 2035 962 2129 eimltantem
989 2051 1223 2118 evertit,
1252 2058 1313 2107 et
1337 2050 1592 2126 perculit
1631 2052 1704 2108 ab
1743 2050 1985 2124 abjecto·
2066 2050 2217 2107 Nam
2254 2049 2406 2107 nihil
2448 2060 2573 2107 tam
2604 2051 2705 2107 fir-

396 2159 692 2219 mum-est,
723 2150 821 2207 cui
847 2149 1178 2225 periculum
1205 2168 1318 2204 non
1347 2149 1429 2205 sit
1455 2149 1631 2205 etiam
1658 2150 1732 2206 ab
1761 2147 2113 2207 invalido³².”
2194 2150 2391 2218 Quare
2408 2169 2531 2206 non
2558 2170 2703 2207 sem-

397 2270 504 2327 per
541 2250 648 2307 ubi
680 2267 852 2306 causa
885 2247 1122 2322 justior,
1165 2246 1253 2303 ibi
1290 2247 1531 2303 fortuna
1570 2246 1833 2322 superior
1872 2252 2001 2303 est³⁸
2047 2260 2153 2303 nec
2194 2245 2331 2303 raro
2350 2231 2635 2307 ¹insontes
2672 2266 2707 2305 a

399 2349 665 2405 sontibus
691 2347 1046 2412 funduntur,
1076 2345 1283 2420 majori
1311 2346 1716 2421 superantium
1734 2345 1909 2420 quem
1938 2345 2447 2403 succumbentium
2474 2345 2705 2403 damna.

387 2420 703 2523 'Siquidem
733 2453 770 2481 “
783 2446 935 2505 nihil
962 2454 1050 2502 est
1075 2444 1366 2502 infelicius
1391 2444 1673 2501 felicitate
1696 2445 2159 2520 peccantium⁵⁴.’'
2229 2445 2477 2513 Quando
2504 2450 2705 2503 autem

399 2546 646 2603 assiduis
673 2544 1039 2602 sermonibus
1059 2562 1095 2599 a
1121 2544 1238 2599 Deo
1265 2561 1368 2599 sua
1395 2551 1583 2617 coepta
1610 2541 2065 2617 religionemque
2092 2542 2455 2617 comprobari
2480 2541 2705 2619 deprae·

401 2644 612 2711 dicent,
642 2643 780 2717 quia
807 2641 1047 2699 secundi
1063 2658 1408 2715 ,pugnarum
1436 2658 1576 2697 even
1584 2648 1681 2696 tus
1708 2640 1781 2697 iis
1809 2658 1987 2714 supra
2013 2646 2149 2695 vota
2179 2639 2509 2707 fluxerunt,
2554 2640 2707 2697 nihil

401 2740 565 2797 aliud
590 2748 776 2815 agunt
801 2739 980 2813 quaim
1009 2741 1461 2797 Constantinum
1488 2741 1905 2816 ImPeratorem
1932 2741 2225 2797 Arianum
2258 2740 2534 2797 accurate
2574 2742 2707 2799 imi·

402 2838 535 2905 tari,
564 2838 663 2895 cui
689 2836 840 2895 nihil
864 2838 928 2894 in
955 2856 1052 2895 ore
1078 2837 1448 2913 frequentius
1475 2840 1611 2903 fuit.
1639 2838 1817 2914 quem
1840 2840 2033 2896 Deum
2060 2858 2168 2895 suo
2192 2838 2416 2896 calculo
2436 2839 2705 2897 Arianis-

401 2957 564 2994 mum
591 2945 788 2993 ratum
815 2936 1104 3004 habuisse,
1136 2936 1240 3011 qui
1269 2945 1358 2993 tot
1385 2921 1649 2994 victoriis
1676 2938 1871 3013 ipsum
1898 2937 2281 2994 cumulavit⁵⁵.

522 3037 662 3094 Post
689 3056 796 3093 nos
821 3054 938 3093 non
977 3044 1098 3092 tam
1137 3036 1296 3105 belli,
1328 3036 1503 3110 quam
1546 3036 1780 3097 hostilis
1814 3036 2071 3111 perfidias
2112 3035 2261 3092 dolis
2300 3035 2595 3106 obtritos?
2637 3038 2710 3094 ad

403 3136 670 3193 fortunas
699 3135 865 3195 nobis
893 3133 1217 3211 eripiendas
1262 3134 1705 3212 proscriptionis
1752 3135 2036 3193 rationem
2082 3133 2279 3193 hostes
2310 3154 2349 3193 a
2387 3135 2559 3193 ‚Sulla
2590 3144 2707 3193 tra-

408 3234 728 3298 duxerunt,
760 3231 830 3288 ad
859 3232 1201 3307 ignorantiae
1229 3234 1499 3289 tenebras
1520 3232 1830 3306 juventuti
1862 3242 2075 3289 nostrae
2116 3231 2485 3289 obducendas
2512 3252 2545 3291 e
2570 3253 2708 3290 cru-

233 3334 383 3400 [viii.]
407 3333 666 3391 delitatis
693 3333 733 3389 J
736 3332 920 3390 uliani
962 3328 972 3409 Ι
1005 3333 1305 3407 Apostatae
1332 3330 1611 3407 pharetra
1638 3330 1905 3405 jaculum
1927 3331 2301 3389 eduxerunt:
2339 3350 2473 3391 nam
2500 3342 2591 3413 ut*
2608 3333 2712 3391 ille

409 3430 766 3501 Christianis
801 3428 1154 3498 erudiendis,
1212 3430 1296 3485 sic
1340 3430 1442 3486 isti
1498 3428 1714 3486 nostris
1757 3428 2070 3486 literatura
2108 3427 2440 3511 excolendis
2482 3428 2711 3489 scholas

507 3634 548 3664 ⁴⁹
569 3602 1148 3680 ven.PL1t0r.-ub.i÷.3o.
1229 3630 1272 3663 ⁴⁹
1295 3631 1410 3677 md.
1505 3633 1547 3660 ⁵0
1565 3630 1729 3677 Horat..
1754 3632 1834 3677 m».
1859 3632 1907 3678 ῐῑ.
1933 3631 2018 3690 Ep.
2041 3634 2086 3680 2.
2169 3631 2217 3672 ,n
2234 3631 2331 3679 cic.
2353 3630 2433 3677 nb.
2456 3630 2523 3678 vi.
2552 3632 2638 3693 ηρ.
2666 3636 2708 3681 1.

411 3699 722 3809 g5l3dexi,4pro
742 3698 930 3745 Milone.
997 3698 1036 3727 ⁶³
1055 3697 1257 3753 Curtius,
1282 3696 1364 3743 lib.
1388 3696 1469 3741 vii.
1536 3698 1578 3726 ⁵⁴
1592 3699 1779 3752 Seneca,
1805 3697 1865 3743 de
1887 3697 2075 3743 Provid.
2102 3710 2143 3745 ο.
2168 3700 2216 3744 3.
2281 3698 2323 3725 ⁵⁴⁵
2342 3697 2469 3755 Epit.
2494 3697 2607 3745 Bar.
2633 3713 2709 3745 an.

511 3798 524 3821 ν
583 3796 596 3807 ·
656 3796 672 3835 ⁰.

411 3896 482 3977 for
503 3931 582 3977 the
606 3922 775 3990 King's
806 3944 939 3990 army
960 3930 1010 3976 in
1034 3929 1262 3989 England.
1335 3930 1509 3987 10‚000
1610 3931 1689 3977 the
1722 3929 1982 3995 conclusion
2005 3930 2057 3975 of
2073 3930 2151 3975 the
2175 3929 2461 3989 Glamorgan
2484 3934 2643 3991 treaty
2665 3934 2713 3977 in

413 4031 518 4063 men
542 4031 658 4067 were
692 4017 830 4063 voted
861 4016 930 4062 for
962 4016 1042 4061 the
1081 4030 1206 4061 same
1240 4015 1412 4063 service
1450 4028 1510 4059 on
1608 4013 1833 4091 flauum-y,
1866 4014 2017 4073 16463
2043 4012 2126 4057 but
2149 4026 2209 4056 on
2243 4012 2321 4057 the
2344 4008 2425 4057 fall
2449 4012 2500 4057 of
2520 4012 2715 4060 chester
