2834 4467
354 218 478 281 362
1130 236 1540 283 causamme
1569 236 1878 281 svaswe.
2401 241 2547 306 [off.
2573 242 2658 289 vi.

348 388 543 447 hostes
586 392 913 459 irruerunt,
950 400 1027 448 ut
1066 392 1406 467 proscriptis
1435 391 1664 449 dudum
1699 394 1773 449 ab
1801 388 2064 449 Ecclesia
2103 393 2552 468 superstitiones
2589 412 2663 449 ex

347 490 409 545 in
418 490 553 545 feris
594 490 721 565 jam
764 490 1013 547 excitari
1040 491 1373 559 videantur,
1400 491 1532 549 viro
1576 510 1694 548 non
1737 490 1928 549 solum
1957 491 2312 560 Christiane,
2349 493 2452 549 sed
2487 494 2663 549 etiam

348 587 654 663 theologiae
683 608 799 645 non
826 588 1195 657 rudimentis,
1240 586 1361 646 imo
1398 590 1562 647 scitis
1599 590 1788 665 magis
1813 589 2014 647 arduis
2041 590 2351 659 instincte,
2391 610 2517 647 eam
2545 592 2668 645 vim

348 692 519 747 statis
546 691 755 750 diebus
792 692 1051 762 indente,
1089 702 1163 749 ut
1198 693 1262 749 in
1301 712 1508 750 eorum
1546 693 1896 750 sententiam
1921 692 2173 769 pedibus
2207 694 2296 749 ire
2336 703 2664 763 censeatur,

348 792 454 865 qui
480 791 617 848 fidei
642 792 773 849 luce
792 792 1056 849 nondum
1076 792 1363 850 illustrati
1382 793 1547 868 operi
1573 792 1825 868 cuipiam
1846 790 2233 867 aggrediendo
2253 792 2502 849 nefastos
2521 792 2669 861 dies,

348 890 655 957 infaustos,
684 890 882 959 fastos,
917 892 1141 949 faustos
1168 899 1542 959 statuerunt3
1585 891 1704 948 rati
1727 890 2070 947 mortalium
2097 908 2190 946 res
2217 889 2355 946 fatis
2379 890 2502 964 agi:
2547 891 2658 947 mi-

349 989 621 1045 rantibus
647 989 923 1046 omnibus
948 991 1283 1065 quempiam
1312 982 1684 1049 Catholicuni
1709 988 1777 1047 ea
1804 989 1934 1064 capi
1957 988 2252 1057 fatuitate,
2281 997 2356 1045 ut
2381 988 2520 1044 fatis
2543 989 2666 1045 vim

350 1085 535 1141 ullam
559 1087 749 1143 inesse
774 1087 1007 1155 sentiat,
1030 1088 1197 1162 quasi
1220 1106 1426 1145 eorum
1441 1087 1692 1145 decretis
1707 1087 1876 1144 velut
1901 1085 2242 1143 cardinibus
2269 1104 2471 1141 rerum
2491 1104 2664 1143 even-

352 1194 453 1241 tus
478 1194 872 1243 verterentur.
926 1186 1181 1245 Perinde
1202 1206 1271 1244 ac
1296 1187 1347 1244 si
1366 1186 1674 1243 hominum
1701 1184 1958 1253 consilia,
1986 1184 2477 1259 negotiorumque
2493 1185 2666 1241 vicis-

354 1286 663 1353 situdines,
692 1286 897 1343 ordine
924 1287 998 1344 ab
1024 1306 1227 1345 eorum
1252 1287 1520 1355 arbitrie,
1549 1306 1668 1343 non
1693 1304 1730 1341 a
1755 1285 1869 1349 Dei
1894 1292 2052 1341 nutu
2081 1283 2326 1353 indict0‚
2355 1285 2665 1359 progrede-

210 1382 329 1448 [47]
352 1392 578 1443 rentur.
634 1384 723 1442 Ut
744 1385 869 1459 jam
899 1382 911 1461 Ι
942 1384 1349 1461 theologorum
1377 1385 1594 1461 placita
1619 1382 2014 1441 Ethnicorum
2039 1380 2440 1441 sanctionibus
2465 1383 2668 1441 cedere

349 1482 679 1552 videantur,
709 1484 813 1561 qui
841 1484 1163 1543 decernunt
1191 1481 1371 1561 quod,

1020 1625 1053 1649 ‘⁶
1071 1623 1199 1670 Fatis
1220 1622 1417 1683 agimur,
1444 1622 1592 1669 cedite
1613 1623 1735 1669 fatis.

1063 1708 1171 1755 Non
1192 1708 1400 1755 sollicitas
1420 1714 1615 1767 possunt
1637 1722 1772 1765 curoe,

1064 1794 1249 1841 Mutare
1271 1794 1361 1840 rati
1382 1782 1575 1841 flamina
1591 1794 1695 1852 fati,

1065 1878 1300 1937 Quicquid
1320 1878 1527 1937 patimur
1547 1878 1744 1924 mortale
1763 1870 1938 1938 gssnuse

1067 1963 1298 2023 Quicquid
1317 1963 1515 2009 facimus
1535 1962 1666 2009 venit
1689 1964 1749 2010 ab
1771 1962 1952 2009 alto²⁴.”
2307 1966 2334 1993 ο

354 2087 483 2145 Imo
511 2097 585 2145 ut
608 2063 872 2165 apertius
898 2087 1265 2165 transfugam
1294 2087 1367 2144 ad
1394 2087 1788 2145 Ethnicorum
1815 2096 2005 2144 castra
2032 2106 2090 2144 se
2117 2089 2428 2164 praeberet,
2475 2089 2670 2147 noluit

354 2187 468 2243 nisi
512 2187 585 2243 ad
628 2206 831 2244 eorum
872 2187 1078 2256 ritum,
1106 2186 1202 2244 vel
1241 2186 1501 2243 divinam
1541 2205 1707 2261 opem
1749 2184 2061 2260 implorare
2101 2184 2326 2242 dicens:
2374 2192 2409 2217 “
2431 2186 2538 2242 Dii
2578 2208 2668 2245 me

353 2285 659 2342 amabilem
686 2284 1027 2343 reddantssst’
1110 2285 1233 2342 Nec
1260 2283 1623 2341 adulterinos
1663 2284 1815 2341 Deos
1841 2282 1953 2340 hac
1979 2284 2352 2341 veneratione
2390 2286 2668 2362 prosequi

352 2391 695 2451 contentus;
734 2382 1230 2458 praestigiatorum
1269 2383 1446 2440 etiam
1473 2401 1719 2439 numero
1746 2402 1806 2440 se
1832 2401 2146 2457 aggregare
2172 2383 2334 2439 visus
2363 2392 2472 2453 est,
2505 2384 2666 2460 quod

352 2480 681 2556 praestigiiS,
724 2482 1158 2557 approbationis
1194 2500 1312 2539 suae
1342 2481 1565 2538 calculo
1591 2481 1764 2539 fidem
1792 2481 2098 2539 hominum
2137 2502 2203 2538 ac
2229 2486 2666 2542 venerationem

348 2579 656 2636 conciliare
674 2588 1000 2649 conaretur,
1025 2579 1167 2637 dum
1194 2578 1468 2637 fidentius
1485 2588 1686 2636 narrat
1705 2581 1978 2637 mobilem
2006 2581 2275 2649 insulam,
2299 2590 2362 2638 et
2388 2584 2464 2639 ab
2481 2581 2666 2639 homi-

350 2697 494 2733 num
535 2686 775 2753 aspectu
811 2678 1137 2737 subducere
1170 2698 1231 2737 se
1256 2688 1623 2748 consuetum,
1664 2679 1882 2755 injecto
1917 2680 2070 2755 igne,
2111 2688 2170 2737 et
2195 2678 2426 2737 firmam
2455 2682 2666 2757 persti-

352 2777 508 2844 tisse,
552 2784 612 2833 et
639 2777 1101 2852 conspiciendam
1129 2798 1191 2837 se
1216 2778 1668 2852 calcabilemque
1693 2777 2032 2835 hominibus
2065 2774 2425 2853 praestitisse,
2467 2800 2665 2837 narra-

351 2876 572 2933 tionem
617 2874 710 2932 his
747 2875 943 2933 verbis
989 2877 1291 2935 claudens:
1338 2883 1375 2909 ‘⁴
1392 2877 1612 2934 multis‘
1654 2886 1816 2954 patet
1857 2878 2219 2953 argumentis
2268 2861 2666 2955 phantasmati

351 2978 597 3035 cuilibet
623 2976 819 3053 ignem
847 2996 1071 3053 semper
1097 2976 1666 3034 inimicissimum⁴⁶.’'

445 3080 649 3153 Atque
672 3085 745 3134 ut
771 3096 969 3134 omnes
990 3076 1477 3153 superstitionum
1499 3076 1713 3133 formas
1733 3078 1807 3135 ab
1831 3096 1896 3133 eo
1914 3076 2316 3151 perlustratus,
2343 3086 2404 3134 et
2423 3078 2666 3153 penitus
2757 3112 2770 3123 ·
2796 3054 2797 3067 χ

351 3186 680 3252 perspectas
708 3195 830 3233 esse
854 3175 1094 3252 liqueat,
1114 3175 1514 3233 ariolationem
1535 3193 1654 3231 suae
1681 3173 2192 3231 commendationis
2220 3185 2530 3251 expertem
2544 3196 2667 3235 esse

706 3317 749 3350 ⁴⁴
774 3316 945 3365 Seneca
964 3316 1014 3362 in
1032 3315 1215 3374 OEdipo.
1261 3316 1323 3351 «4⁶
1340 3314 1475 3363 praef.
1498 3314 1548 3361 in
1571 3312 1682 3361 2⁰⁸0
1705 3315 1812 3361 dist.
1877 3314 1918 3349 ⁴⁶
1935 3314 2056 3361 Dist.
2079 3314 2128 3360 ii.
2153 3330 2194 3361 ο.
2222 3318 2300 3363 12.

418 3438 436 3463 Γ
468 3431 518 3477 If
546 3432 688 3479 forms
719 3432 771 3478 οἱ
797 3430 893 3477 this
923 3430 1051 3476 kind
1066 3442 1187 3477 were
1220 3430 1271 3477 of
1297 3430 1453 3476 them·
1553 3434 1660 3476 text
1681 3444 1803 3477 owes
1815 3431 2055 3477 whatever
2075 3431 2200 3477 force
2219 3432 2262 3477 it
2286 3446 2532 3491 possessas.

350 3518 500 3573 selvas
532 3522 581 3562 to
608 3518 667 3565 be
700 3516 925 3564 admitted
946 3529 999 3563 as
1018 3514 1281 3561 conclusive
1300 3516 1454 3574 proofs
1617 3521 1634 3545 ⁸
1657 3513 1734 3561 On
1754 3514 1850 3560 this
1877 3528 2080 3573 passage
2095 3515 2255 3563 white
2287 3518 2530 3565 remarks:
2567 3514 2664 3565 “Si

351 3604 404 3648 of
419 3600 673 3662 paganism‚
692 3604 814 3646 most
829 3600 967 3646 ofthe
986 3598 1196 3647 Catholic
1210 3598 1389 3644 literati
1404 3600 1458 3644 of
1551 3601 1639 3646 hoc
1675 3614 1768 3646 non
1807 3601 1868 3647 sit
1905 3600 2273 3658 superstitiosum
2316 3602 2430 3660 quid
2474 3604 2662 3649 tandem

352 3689 432 3733 the
454 3686 689 3733 sixteenth
720 3691 915 3746 century
938 3684 1103 3731 should
1132 3684 1267 3743 plead
1299 3682 1456 3745 guilty
1555 3684 1818 3743 superstitio
1837 3681 1954 3731 erit?
1977 3690 2025 3730 et
2045 3690 2200 3731 tamen
2231 3684 2541 3733 subtilissima
2569 3686 2661 3734 Sil·
2796 3736 2797 3751 χ

353 3778 403 3819 to
425 3773 503 3819 the
535 3774 717 3831 charge.
786 3770 833 3818 It
854 3770 896 3817 is
924 3775 973 3817 to
1002 3771 1081 3817 the
1103 3770 1318 3816 manifest
1344 3783 1455 3828 par·
1553 3771 1698 3816 vestri
1715 3769 2010 3817 cambrensis
2025 3769 2280 3829 Theologia
2301 3784 2484 3818 crassas
2505 3785 2662 3831 super-
2796 3804 2797 3835 ¹

353 3857 508 3915 tiality
535 3858 586 3903 of
613 3856 833 3905 Giraldus
862 3856 933 3903 for
962 3869 1117 3916 pagan
1149 3870 1201 3902 or
1232 3854 1454 3913 supersti-
1555 3856 1764 3903 stitiones
1784 3856 1900 3901 istas
1919 3868 2004 3913 pro
2025 3854 2170 3901 nullis
2189 3856 2343 3914 habet,
2369 3858 2450 3903 sed
2473 3863 2660 3903 natura-

353 3942 475 3987 tiens
488 3940 799 3997 observances,
816 3940 921 3995 that
936 3941 1016 3986 the
1038 3943 1284 3999 argument
1302 3938 1353 3985 in
1376 3940 1455 3986 the
1553 3940 1646 3986 lem
1659 3945 1741 3986 aut
1753 3938 2144 3997 supernaturalem
2157 3940 2474 3999 antipathiam
2491 3954 2661 4000 semper
