2834 4467
324 188 449 253 194
960 277 971 285 ⁵
1098 206 1509 253 causantem
1544 194 1852 251 nvnnsus'.
1933 187 1942 196 ‘
2363 208 2516 273 [cst.
2542 200 2644 255 1114

320 360 583 437 apposite
603 360 787 419 dixit:
815 367 851 392 “
864 360 1061 418 damni
1084 360 1366 418 Hibernis
1385 359 1676 418 inferendi
1704 379 1822 417 non
1843 358 1984 417 adeo
2005 378 2066 417 se
2087 314 2372 435 cupidssim
2399 378 2540 430 esse,
2561 368 2638 416 ut

320 460 442 517 illis
467 458 684 517 author
710 466 862 517 esset
888 458 964 517 ad
989 459 1251 515 omnium
1282 477 1496 533 genera
1521 458 1778 515 vestium
1808 457 2026 533 Anglis
2061 456 2371 513 familiaria
2409 476 2471 515 se
2497 476 2635 515 con-

320 544 586 617 formaress
627 557 753 614 Vix
781 556 937 613 enim
964 564 1167 613 vector
1192 556 1354 612 ullus
1370 554 1604 613 Cestriii
1622 550 1977 611 Dublinium
2005 555 2362 611 transmittit
2389 555 2636 630 quinon

182 649 299 715 [18]
324 655 402 712 sit
434 655 518 711 ita
543 654 747 712 fatuus
773 662 847 711 ut
874 664 1093 711 novum
1119 652 1456 710 indumenti
1486 650 1496 731 Ι
1527 670 1747 709 morem
1767 653 1912 709 viris
1939 672 2005 709 ac
2031 652 2262 725 feminis
2283 652 2637 727 gestandum

318 772 397 811 ex
430 750 655 827 Anglia
693 752 926 809 referat.
1006 748 1176 809 Licet
1218 758 1415 809 autem
1463 750 1672 807 animis
1715 749 2062 807 elatioribus
2099 749 2354 806 Hiberni
2399 750 2644 825 praediti

320 859 481 919 sunt,
512 858 708 907 tamen
748 848 889 906 adeo
926 848 1083 906 leves
1122 848 1282 905 haud
1308 866 1603 923 quaquam
1641 855 1784 904 sunt
1811 856 1884 905 ut
1920 847 1993 904 ad
2019 865 2431 923 quamcunque
2455 848 2640 905 vesti-

320 948 505 1006 menti
530 947 918 1006 mutationem
945 947 1264 1004 faciendam
1294 966 1354 1004 se
1379 944 1598 1005 temere
1626 946 2156 1007 accommodent¹⁴.”

424 1043 733 1129 Nusquam
759 1045 953 1103 adhuc
978 1046 1094 1121 legi
1112 1045 1399 1102 Romanos
1429 1044 1718 1121 populum
1745 1044 1940 1101 ullum
1969 1046 2004 1103 ὃ.
2032 1045 2417 1103 sedevictum
2439 1045 2537 1103 vel
2561 1045 2638 1102 ad

320 1150 641 1226 pristinum
671 1150 942 1207 habitum
970 1150 1323 1226 ponendum,
1352 1150 1448 1207 vel
1472 1149 1545 1206 ad
1571 1168 1689 1207 suae
1715 1150 1897 1207 vestis
1924 1150 2374 1207 similitudinem
2399 1168 2640 1209 sumen-

320 1247 452 1305 dam
474 1248 595 1305 lata
615 1249 744 1324 lege
768 1249 1039 1324 coegisse.
1082 1248 1235 1305 Nam
1255 1256 1403 1324 togae
1425 1248 1762 1305 discrimine
1789 1267 1822 1304 a
1843 1247 2068 1305 caeteris
2086 1248 2365 1325 gentibus
2385 1249 2637 1307 Romani

318 1348 789 1405 secernebantur.
870 1348 953 1404 Et
977 1346 1097 1403 huc
1121 1353 1293 1423 poeta
1322 1347 1676 1422 spectaverit
1703 1364 1942 1403 canens:

810 1490 840 1516 ‘⁶
858 1489 1093 1537 Romanos
1113 1503 1266 1535 rerum
1289 1490 1513 1548 dominos,
1537 1495 1813 1550 gentemque
1835 1492 2142 1551 togatam1⁵.’'

320 1610 621 1668 Exulibus
666 1608 827 1669 certe
862 1612 1119 1668 vetitum
1162 1611 1282 1667 fuit
1320 1610 1461 1685 tog&u
1507 1610 1694 1679 indui,
1737 1612 2040 1680 nimirum,
2081 1620 2156 1669 ut
2193 1613 2348 1671 sicut
2389 1613 2512 1671 solo
2553 1614 2642 1675 sic,

320 1707 499 1766 etiam
525 1708 747 1765 amictu
772 1708 1033 1765 Romano
1072 1707 1378 1767 interdicti
1404 1708 1740 1786 symbolum
1767 1709 2003 1767 nullum
2028 1719 2320 1789 gererent,
2361 1729 2480 1785 quo
2519 1712 2638 1769 Ro·

320 1805 480 1861 mani
521 1824 643 1863 esse
689 1804 1189 1881 dignoscerentur.
1288 1806 1346 1863 N
1348 1825 1424 1862 on
1469 1824 1634 1863 secus
1669 1826 1736 1863 ac
1778 1806 1828 1863 si
1873 1826 1906 1865 e
1947 1806 2220 1865 Romanae
2261 1809 2456 1884 gentis
2501 1810 2640 1869 albo

322 1902 625 1979 expuncti,
656 1912 717 1959 et
750 1903 815 1959 in
845 1903 1231 1960 barbarorum
1268 1903 1427 1961 inter
1453 1922 1598 1979 quos
1634 1903 1956 1961 exulabant
1991 1923 2304 1963 numerum
2331 1904 2524 1975 relati,
2565 1907 2641 1965 ad

325 2020 531 2059 eorum
566 2020 801 2077 quoque
826 2000 1175 2058 vestimenta
1213 2001 1495 2078 gestanda
1531 2002 1966 2060 damnarentur.
2055 2002 2317 2079 Scipioni
2351 2005 2512 2081 apud
2540 2006 2641 2063 Li-

327 2100 493 2175 vium
532 2101 895 2175 exprobatur
920 2098 1081 2175 quod
1121 2118 1257 2156 cum
1282 2100 1464 2177 pallio
1502 2100 1871 2177 crepidisque
1908 2101 2331 2159 inambulasset
2363 2103 2427 2160 in
2465 2123 2642 2181 gym-

328 2198 505 2256 nasio,
550 2198 753 2256 Cicero
779 2198 953 2255 etiam
972 2198 1151 2254 Verri
1177 2198 1271 2272 obj
1279 2199 1394 2255 ecit
1411 2197 1574 2273 quod
1593 2198 1762 2256 stetit
1783 2199 2036 2256 soleatus
2056 2207 2273 2276 praetor
2294 2220 2430 2257 cum
2457 2202 2642 2277 pallio

328 2314 654 2373 purpureo:
682 2305 743 2355 et
760 2296 823 2353 in
846 2284 1178 2353 Antonium
1200 2295 1395 2369 judici
1410 2296 1559 2353 vitio
1577 2296 1762 2353 vertit
1789 2294 1953 2371 quod
1979 2296 2155 2354 modo
2177 2306 2432 2373 togatae,
2456 2298 2638 2357 modo

277 2378 282 2387 ¹
326 2395 606 2473 palliatus
634 2394 781 2465 fuit3
825 2403 1035 2471 utpote
1059 2394 1127 2451 ad
1171 2394 1402 2451 Graecos
1429 2413 1616 2451 mores
1644 2394 1960 2453 desciscere
1981 2382 2316 2467 videbatur,
2348 2399 2470 2475 qui,
2497 2396 2642 2475 toga

329 2493 587 2551 Romano
604 2493 922 2568 gestamine
938 2492 1139 2561 exuta,
1152 2492 1397 2569 pallium
1416 2500 1647 2568 tegmen
1661 2492 1876 2549 Graecis
1892 2493 2179 2552 familiare
2193 2495 2484 2554 indueret.
2509 2497 2639 2555 Imo

327 2609 541 2667 genera
564 2592 899 2648 fabularum
926 2593 1000 2648 ab
1026 2600 1241 2649 ornatu
1261 2592 1602 2665 vestituque
1622 2611 1655 2647 a
1679 2592 1872 2650 mimis
1897 2600 2124 2669 gestato
2152 2595 2450 2653 nominata
2477 2605 2638 2655 sunt.

328 2674 481 2745 Nam
500 2688 987 2763 quemadmodum
1002 2690 1216 2752 Graecse
1241 2689 1542 2764 “palliatae
1556 2691 1592 2721 ”
1620 2709 1654 2746 a
1673 2691 1866 2766 gentis
1880 2701 2058 2763 veste,
2083 2692 2167 2751 sic
2187 2693 2460 2753 Romanae
2490 2702 2529 2727 “
2547 2703 2638 2753 to-

292 2844 305 2856 ,
328 2795 477 2862 gatae
494 2788 532 2817 ”
561 2785 731 2843 dictae
768 2795 929 2856 sunt,
970 2790 1057 2844 ita
1085 2797 1156 2844 ut
1184 2795 1319 2863 toga
1346 2788 1674 2863 peculiaris.
1688 2790 1937 2847 Romani
1961 2790 2106 2851 civis
2142 2798 2284 2849 nota
2319 2792 2520 2859 fuerit,
2565 2794 2640 2851 ad

327 2882 502 2960 cujus
537 2883 828 2959 gestandas
864 2885 1329 2943 communionem
1367 2886 1508 2943 alias
1537 2886 1801 2945 nationes
1827 2888 2027 2963 potitis
2054 2890 2428 2965 persuasione
2455 2892 2639 2967 quam

326 2991 533 3040 coactu
550 2982 898 3059 quandoque
917 2990 1311 3040 attraxerunt.
1362 2984 1461 3041 Sic
1481 2985 1830 3056 BrittanniS,
1854 2994 1926 3043 ut
1943 2988 2027 3043 ait
2057 2988 2312 3058 TacituS,
2339 2996 2376 3022 ‘⁶
2391 2988 2638 3049 habitt'is

330 3082 576 3139 Romani
600 3082 786 3139 honor
812 3082 933 3139 suit
958 3090 1018 3139 et
1042 3082 1316 3157 frequens
1343 3087 1536 3161 toga.”
1607 3086 1770 3155 Quis,
1800 3085 2058 3160 inquam,
2089 3086 2318 3144 audivit
2346 3088 2638 3147 Romanos

328 3180 697 3257 impedivisse
722 3179 842 3255 quo
870 3180 1066 3237 minus
1091 3180 1279 3237 Graeci
1306 3198 1412 3239 suo
1432 3180 1610 3257 pallio
1637 3189 1698 3238 et
1725 3181 1961 3252 casiaca,
1993 3183 2164 3241 Sardi
2195 3202 2300 3241 sua
2317 3186 2634 3254 mastruca,

450 3329 490 3362 ¹4
514 3328 719 3387 Descrip.
740 3327 987 3386 Hiberniae,
1012 3341 1051 3373 c.
1076 3328 1145 3373 ix.
1168 3340 1214 3387 p.
1241 3330 1316 3374 34.
1384 3330 1424 3361 1⁵
1446 3327 1615 3389 Virgil.
1639 3328 1842 3375 Rosinus
1863 3330 1920 3376 de
1940 3328 2116 3391 Antiq„
2137 3331 2220 3401 lib.
2239 3346 2286 3379 v.
2305 3347 2403 3392 cap.
2431 3335 2510 3381 32.

393 3471 423 3496 '¹
447 3464 529 3511 Dr.
551 3464 715 3525 Lynch
734 3465 925 3511 devotes
953 3478 983 3511 a
1012 3466 1205 3524 chapter
1224 3470 1274 3512 to
1307 3465 1432 3512 Irish
1531 3465 1724 3512 liament
1743 3470 1796 3511 at
1821 3465 2078 3527 Kilkmmy,
2114 3469 2254 3526 1296,
2291 3470 2433 3527 1300,
2467 3470 2636 3530 which,

326 3550 519 3607 ‹li-essm.
533 3546 839 3612 [120].Here
848 3548 886 3594 it
898 3548 939 3595 is
950 3549 1318 3607 enoughtostate
1326 3548 1433 3595 that
1529 3552 1650 3597 aster
1681 3552 1860 3613 stating
1887 3552 1992 3599 that
2020 3554 2101 3599 the
2131 3554 2406 3613 degenerata
2437 3554 2642 3615 English

324 3633 364 3681 it
372 3647 471 3681 was
482 3633 874 3692 prosoeibedmore
884 3632 1001 3679 than
1014 3632 1265 3692 fiftyyears
1279 3632 1432 3679 before
1531 3633 1692 3698 (quasi
1727 3634 1998 3698 degeneres)
2035 3636 2142 3694 had,
2174 3638 2226 3683 in
2257 3638 2449 3697 modern
2481 3640 2638 3699 timec,

326 3718 407 3763 the
418 3716 541 3763 Irish
561 3716 806 3777 language,
822 3718 914 3763 and
930 3717 1035 3763 that
1055 3717 1136 3763 the
1151 3716 1430 3775 prohibition
1532 3721 1730 3779 adopted
1752 3720 1872 3767 Irish
1904 3721 2045 3779 dress,
2081 3723 2176 3768 and
2195 3722 2495 3771 half-shewed
2517 3726 2643 3773 their

326 3814 423 3846 was
454 3800 719 3859 constantly
739 3800 928 3848 revived
955 3802 1127 3860 during
1147 3801 1250 3847 four
1268 3807 1432 3847 centu-
1531 3805 1687 3863 hade,
1727 3806 1821 3851 and
1840 3818 1970 3851 worn
2005 3806 2088 3851 the
2120 3805 2236 3867 long
2263 3806 2455 3868 flowing
2489 3807 2638 3866 looks,

325 3884 427 3930 ries.
469 3884 567 3931 The
583 3886 685 3933 first
699 3884 835 3944 penal
852 3891 1025 3933 statute
1042 3900 1138 3933 was
1159 3887 1207 3933 in
1222 3887 1301 3933 the
1315 3886 1432 3933 Par·
1531 3888 1680 3935 called
1705 3891 1735 3915 ‘⁴
1753 3886 1937 3948 eulan‚”
1973 3904 2022 3935 so
2055 3891 2161 3937 that
2194 3891 2499 3951 Englishmen
2520 3907 2642 3941 were
