2834 4467
402 191 481 254 36
1153 207 1464 252 1-:1’1s‘rou
1495 207 1960 254 namon-roan.

522 369 558 395 “
577 363 925 420 Procuratio
943 363 1194 439 Reipub.
1226 362 1453 440 (inquit
1483 363 1714 440 Cicero)
1735 364 1810 422 ad
1835 365 2158 423 utilitatem
2187 383 2391 422 eorum
2425 365 2526 440 qui
2550 382 2676 420 com·

398 463 563 521 missi
590 471 747 532 sunt,
778 483 894 523 non
932 463 1006 520 ad
1042 481 1247 520 eorum
1274 463 1494 538 quibus
1533 465 1851 534 commissa,
1889 463 2142 541 gerenda
2173 466 2324 521 est.”
2407 462 2678 533 Quomodo

398 562 586 638 igitur
615 561 1003 620 comitiorum
1032 559 1446 637 suffragatores
1473 562 1548 618 ab
1574 561 1864 638 indigenis
1890 580 2008 620 non
2033 562 2286 638 delegati
2311 561 2386 620 de
2411 562 2674 636 indigena·

399 679 535 718 rum
560 663 738 718 rebus
764 657 1161 719 laborabunt?
1215 661 1435 751 Annon
1462 662 1536 718 ad
1561 681 1656 719 eos
1683 660 1884 738 potitis
1904 661 2337 738 amplificandos
2363 659 2676 720 sollicitudi-
2738 731 2741 740 1

160 785 170 793 ·
240 765 379 832 [xii]
400 779 531 818 nem
554 779 781 818 omnem
806 757 817 838 1
842 768 1202 829 convertent,
1232 779 1487 836 quorum
1511 759 1792 818 beneficio
1811 761 2079 837 suffragii
2106 762 2167 818 in
2190 761 2460 818 Comitiis
2485 758 2677 818 ferendi
2741 769 2744 884 Χ

392 861 497 936 jus
522 861 772 918 assecuti
800 858 981 917 sunt?
1062 860 1379 918 Enimvero
1418 859 1838 936 perduellionis
1873 861 2094 918 crimen
2133 862 2208 918 ab
2235 861 2526 920 universis
2554 859 2678 916 ind1-
2742 889 2743 892 η

400 959 565 1036 genis
591 965 959 1016 contractum
986 975 1109 1016 esse
1133 958 1620 1034 pronuntiarunt,
1650 958 2056 1034 continuoque
2080 967 2275 1016 tecum
2316 959 2549 1017 enixius
2572 977 2676 1033 ege-
2741 1013 2743 1016 Α

400 1067 564 1127 runt,
586 1067 659 1114 ut
678 1065 739 1116 et
760 1057 923 1115 illius
943 1056 1143 1116 delicti
1163 1057 1415 1133 gratiam
1444 1057 1518 1114 iis
1542 1075 1658 1114 non
1687 1049 1918 1126 faceres,
1943 1067 2004 1116 et
2030 1058 2203 1114 avitis
2229 1077 2326 1122 eos
2351 1059 2510 1134 agris
2534 1075 2678 1134 prop-
2741 1065 2743 1090 ³

404 1164 563 1214 terea
588 1156 885 1214 multares.
966 1155 1055 1214 Ut
1081 1175 1197 1213 non
1224 1155 1494 1212 dubitem
1521 1155 1683 1230 quin,
1715 1135 1832 1230 quo
1859 1155 2234 1214 Mithridates
2267 1165 2330 1214 et
2355 1155 2608 1213 Annibal
2628 1153 2677 1209 in
2743 1135 2745 1226 ἱ

404 1254 693 1312 Romanos
718 1253 871 1322 odio,
902 1253 1101 1310 eodem
1126 1254 1191 1310 in
1219 1253 1517 1310 Hibernos
1543 1253 1636 1310 illi
1661 1273 1904 1329 prorsus
1937 1255 2158 1312 imbuti
2183 1254 2424 1321 fuerint,
2453 1255 2558 1330 qui
2581 1262 2678 1309 tor-
2744 1275 2745 1278 ¹

402 1360 630 1410 rentem
655 1347 1041 1427 indulgentiae
1067 1349 1139 1408 ad
1160 1369 1359 1408 omnes
1385 1370 1422 1406 a
1445 1359 1567 1407 tuae
1593 1351 1913 1420 clementiae
1935 1351 2095 1408 fonte
2118 1349 2238 1410 late
2259 1361 2596 1419 manantem,
2621 1349 2680 1405 ad

405 1451 701 1510 Hibernos
726 1451 910 1508 fluere
946 1468 1064 1506 non
1092 1448 1381 1508 tulerunt.
1467 1450 1800 1508 Meminisse
1827 1451 2162 1508 debuerunt
2201 1450 2547 1525 “judicium
2577 1451 2680 1508 sine

404 1548 799 1607 misericordia
825 1548 927 1628 ‘illi
964 1549 1068 1625 qui
1110 1566 1228 1605 non
1271 1549 1411 1606 fecit
1453 1549 1946 1606 misericordiamffl
1961 1551 2017 1604 :”
2061 1549 2142 1606 Et
2181 1568 2215 1604 a
2245 1550 2522 1606 Cicerone
2557 1547 2677 1613 dici;
2746 1599 2747 1616 ἒ

407 1655 443 1680 “
463 1649 619 1706 Cave
662 1648 925 1723 ignoscas
965 1666 1073 1704 nec
1111 1646 1363 1729 hominis
1402 1667 1510 1706 nec
1549 1648 1624 1705 ad
1661 1647 1952 1705 hominem
1992 1668 2188 1706 vocem
2239 1651 2455 1706 esse“.”
2553 1647 2677 1705 Cum
2746 1645 2747 1654 ’

404 1757 601 1806 autem
629 1747 1047 1824 perduellionis
1068 1745 1243 1824 longe
1266 1748 1526 1808 foedioris
1551 1749 1778 1806 macula
1805 1727 1920 1806 n0⁰n
1943 1747 2156 1806 leviter
2169 1749 2312 1825 ipsis
2339 1749 2441 1807 sed
2465 1749 2577 1808 alte
2591 1749 2679 1804 im-

405 1864 602 1923 pressa
630 1846 724 1914 sit,
748 1865 782 1903 a
808 1846 1033 1904 ratione
1058 1845 1386 1922 plurimum
1413 1847 1708 1915 abhorret,
1731 1855 1805 1903 ut
1832 1867 2084 1922 quorum
2109 1847 2436 1930 impunitas
2462 1849 2678 1906 clemen·
2702 1906 2709 1910 ,

406 1946 505 2004 tiae
532 1956 651 2005 tuae
678 1946 805 2004 laus
828 1955 935 2016 est,
965 1941 1169 2004 eo'rum
1194 1947 1460 2022 ipsorum
1482 1946 1554 2003 ad
1582 1946 1992 2004 crudelitatem
2019 1955 2080 2004 te
2106 1953 2278 2004 acuat
2303 1949 2507 2005 oratio.
2748 1933 2749 1940 ἵ

501 2047 623 2104 Nec
640 2047 841 2104 mirari
862 2047 1062 2105 desino
1078 2065 1188 2104 cur
1207 2046 1439 2104 avidius
1459 2066 1634 2122 quam
1649 2045 1878 2121 justius
1897 2054 2206 2125 expetunt,
2225 2055 2298 2102 ut
2315 2065 2422 2104 sua
2441 2045 2680 2123 perduel-

404 2148 484 2205 lio
512 2147 625 2204 sibi
651 2147 1029 2224 opulentiam,
1060 2145 1323 2215 honores,
1354 2155 1417 2204 et
1443 2145 1781 2222 potentiam,
1811 2153 2010 2202 nostra
2036 2144 2370 2202 innocentia
2395 2145 2680 2221 perniciem

404 2247 570 2302 nobis
586 2247 775 2323 pariat
786 2243 816 2303 ἰ’
828 2254 933 2303 aut
952 2265 1059 2302 cur
1073 2253 1342 2302 veterum
1356 2245 1843 2320 abditarumque,
1861 2244 1984 2319 jam
2005 2242 2357 2302 offensarum
2373 2235 2680 2300 memoriam
2750 2236 2751 2259 ’

402 2353 523 2401 tam
550 2343 788 2421 operose
817 2344 1112 2413 refricent,
1132 2351 1192 2400 et
1208 2340 1551 2400 inculcent?
1579 2343 1694 2400 nisi
1713 2343 1955 2400 eandem
1981 2343 2266 2400 rationem
2289 2343 2366 2399 ad
2393 2351 2454 2400 te
2479 2363 2512 2398 a
2533 2340 2680 2398 nobis

402 2444 771 2502 alienandum
800 2444 1015 2502 inituri
1040 2452 1182 2501 sunt
1209 2463 1383 2519 quam
1410 2443 1484 2500 ad
1513 2443 1870 2501 Artaxerxis
1896 2442 2097 2499 odium
2125 2443 2187 2499 in
2214 2442 2455 2500 Judaeos
2481 2442 2679 2498 inflam-

402 2541 681 2598 mandum
708 2541 802 2620 sui
828 2541 1144 2598 consiliarii
1171 2531 1634 2598 adhibuerunt&
1705 2542 1858 2599 Nam
1884 2541 2098 2598 horum
2123 2540 2322 2598 verbis
2347 2540 2440 2597 illi
2465 2541 2523 2598 t'e
2545 2558 2680 2596 com-

402 2637 619 2715 pellare
664 2639 961 2708 videntur,
1012 2658 1077 2696 ac
1123 2639 1313 2698 dicere
1355 2639 1520 2716 quod
1565 2640 1854 2698 Hibernia
1914 2646 1952 2672 “
1973 2641 2208 2698 rebellis
2255 2648 2346 2696 est
2391 2648 2453 2698 et
2497 2655 2682 2696 nocens

406 2739 667 2815 Regibus
694 2746 755 2794 et
779 2737 1114 2815 provinciis,
1144 2746 1203 2794 et
1230 2739 1384 2796 bella
1409 2739 1784 2796 concitantur
1810 2723 1966 2796 in⁸e1¹i
1993 2757 2068 2796 ex
2103 2739 2309 2794 diebus
2347 2734 2681 2812 antiqmsfflff’

405 2837 521 2896 Sed
548 2846 621 2894 tu
649 2837 897 2894 Darium
923 2836 1177 2904 Judaeos,
1213 2838 1460 2896 auribus
1485 2821 2048 2894 ad⁸consiliariorum
2075 2834 2340 2911 querelas
2367 2833 2680 2895 obstructiS‚

403 2957 631 2996 summo
665 2936 861 2994 favore
884 2944 1265 3014 prosecutum
1294 2937 1561 3006 imitariS,
1607 2938 1710 3013 qui
1737 2939 2201 2995 obtrectatorum
2227 2944 2560 2994 nostrorum
2585 2933 2680 2990 cri-

403 3035 826 3093 minationibus
852 3051 1076 3109 ‘parum
1112 3033 1386 3110 ponderis
1418 3035 1608 3092 inesse
1635 3033 2082 3110 deprehendens,
2125 3033 2200 3090 ad
2225 3031 2682 3092 summammobis

402 3135 832 3211 indulgentiam
858 3125 1299 3208 impendendam
1330 3135 1669 3210 propendes,
1699 3143 1805 3190 aut
1831 3133 2031 3208 potitis
2057 3132 2371 3190 descendis·

520 3235 821 3313 Nimirum
850 3237 1041 3290 aeirem
1066 3233 1394 3301 verberant,
1420 3234 1526 3308 qui
1553 3235 1626 3290 ab
1651 3233 1856 3297 innata
1881 3233 1993 3290 tibi
2019 3233 2325 3290 clementia
2353 3242 2430 3302 te,
2459 3233 2680 3289 clemen·

404 3335 627 3392 tissime
669 3333 1035 3408 Principum,'
1070 3331 1142 3388 ad
1189 3332 1597 3390 crudelitatem
1645 3333 1939 3390 attrahere
1988 3330 2367 3390 contendunt.
2469 3329 2680 3388 Etenim

402 3431 725 3491 clementiae
759 3430 1227 3506 magnitudinem
1263 3431 1574 3488 condonati
1601 3431 1831 3488 sceleris
1857 3431 2147 3506 gravitate
2174 3431 2468 3487 metimur.
2546 3427 2680 3484 Cum

403 3543 599 3593 autem
626 3530 914 3606 flagitium
944 3538 1078 3606 post
1102 3528 1367 3588 homines
1402 3539 1571 3587 natos
1605 3531 2036 3606 atrocissimum
2063 3526 2292 3586 veniam
2320 3548 2354 3584 a
2382 3538 2442 3586 te
2473 3520 2680 3585 'retule-

400 3632 541 3698 rint‚
570 3631 785 3706 paucis
814 3629 1097 3686 scelerum
1125 3647 1321 3704 poenas
1348 3628 1644 3697 dantibus,
1675 3648 1752 3708 ne
1775 3629 2096 3705 impunitas
2123 3626 2338 3686 scelera
2362 3625 2538 3684 latinis
2563 3644 2682 3701 pro-

402 3734 673 3804 pagaret,'
690 3728 763 3784 ad
788 3746 1001 3803 paucos
1027 3745 1210 3803 poena,
1242 3735 1434 3784 metus
1462 3727 1534 3784 ad
1561 3747 1756 3786 omnes
1783 3718 2152 3804 perveniret;
2195 3727 2313 3783 illis
2347 3728 2552 3785 merito
2591 3742 2682 3780 suo

882 3927 1034 3972 ”Jae
1060 3928 1107 3971 ii.
1174 3929 1215 3955 ⁸⁴
1230 3927 1321 3971 Pro
1346 3927 1545 3985 Ligario.
1614 3929 1655 3958 ⁸⁵
1679 3931 1702 3974 1
1729 3929 1915 3986 Esdras,
1935 3929 2000 3974 iv.
2067 3925 2110 3959 ⁸⁶
2127 3929 2246 3976 Ibid.
