2834 4467
302 207 384 271 56
1047 230 1356 273 ams'rou
1385 230 1847 275 nanmAroau.

298 379 758 438 interdicuntur.
843 382 1080 458 Nempe,
1117 386 1154 415 “
1173 381 1459 441 dominati
1478 392 1621 440 sunt
1646 372 1850 441 eorum
1870 384 1975 457 qui
1996 382 2249 440 oderunt
2276 402 2387 450 eos,
2412 390 2471 439 et
2494 383 2607 439 tri·
2636 378 2643 383 “

297 476 658 534 bulaveruut
685 476 779 534 eos
805 478 1029 535 inimici
1055 498 1256 536 eorum
1277 488 1338 539 et
1351 479 1652 537 humiliati
1680 489 1821 537 sunt
1842 480 1953 537 sub
1981 480 2251 537 manibus
2278 482 2606 535 eorum¹²⁸.”

297 577 508 650 Itaque
531 594 650 633 non
677 576 867 635 solum
895 577 1270 635 authoritatis
1298 587 1416 635 tuae
1444 579 1635 635 aciem·
1648 578 1938 646 hebetare,
1968 578 2413 653 obtundereque
2440 600 2457 646 ς
2498 579 2607 635 sed

295 682 358 733 et
383 675 554 750 leges,
585 693 730 750 quas
757 684 827 733 tu
852 674 1004 751 figis,
1030 676 1274 752 refigere
1299 676 1681 735 contendunt.
1761 677 2031 753 Ipsorum
2058 684 2445 753 tyrannorum
2470 684 2606 733 acta

295 792 412 829 non
439 773 554 830 nisi
579 782 950 831 mortuorum
977 775 1396 832 rescinduntur
1417 797 1435 844 ς
1476 774 1567 831 illi
1592 774 1751 850 quod
1776 793 1811 831 a
1836 782 1897 831 te
1922 772 2114 830 adhuc
2155 773 2473 848 superstite
2496 773 2603 831 de·

293 880 524 930 cretum
569 880 658 929 est
699 872 1060 941 conculcant,
1119 879 1157 906 ‘⁶
1177 882 1344 930 tuam
1385 872 1837 931 dominationem
1879 879 2183 948 spernunt,
2232 871 2603 945 majestatem

209 1004 218 1013 ·
292 970 776 1047 blasphemant¹²⁹‚
821 980 883 1028 et
923 971 1352 1048 dissipaverunt
1378 972 1565 1047 legem
1592 972 1877 1029 tuam¹³⁰.”
1958 970 2256 1027 Nimirum
2299 976 2336 1001 “
2352 969 2603 1033 audaces

293 1067 406 1125 sibi
433 1068 842 1144 placentes⁸³¹‚”
871 1088 988 1125 non
1013 1069 1364 1133 authoritati
1390 1078 1506 1126 tuae
1534 1078 1691 1126 sunt.

411 1167 502 1223 Ut
525 1175 726 1223 autem
751 1186 948 1225 omnes
972 1168 1274 1226 discantur
1312 1170 1386 1227 ab
1423 1188 1558 1225 uno.
1638 1163 1994 1243 Nuperrime
2026 1165 2300 1223 firmioris
2336 1175 2395 1224 et
2430 1167 2599 1223 infir-

81 1265 270 1331 [xviii.]
291 1264 492 1321 mioris
523 1262 532 1341 Ι
571 1282 748 1322 sexus
773 1273 836 1321 et
871 1266 1060 1323 oetatis
1101 1266 1429 1324 multitudo
1464 1266 1537 1322 ad
1562 1266 1785 1323 fontem
1814 1264 2035 1323 Galviae
2060 1264 2322 1321 vicinum
2350 1264 2603 1323 lavanda

245 1348 250 1353 ”
289 1360 596 1430 confluxit,
633 1370 707 1418 ut
739 1362 1159 1432 salubritatem,
1199 1363 1293 1420 vel
1327 1363 1543 1420 natura
1574 1362 1668 1419 vel
1696 1360 1753 1419 S.
1784 1362 2113 1436 Augustini
2140 1362 2265 1437 (cuj
2273 1381 2344 1419 us
2382 1381 2600 1420 nomen

286 1458 469 1535 gerit)
514 1458 919 1535 deprecatione
954 1461 1120 1537 aquis
1159 1460 1287 1536 ejus
1305 1461 1573 1532 ‚inditam
1604 1459 1886 1517 hauriret.
1969 1458 2068 1515 Ad
2104 1460 2404 1516 innoxiam
2444 1460 2599 1519 hanc

287 1560 526 1616 turbam
556 1560 929 1617 Gubernator
959 1561 1283 1619 Galviensis
1311 1560 1531 1618 ducum
1571 1579 1812 1617 suorum
1844 1558 2095 1616 audaciae
2136 1558 2365 1617 satelles
2392 1562 2596 1636 praesi-

287 1655 500 1713 diarios
525 1656 743 1713 milites
770 1657 996 1727 eduxit,
1026 1659 1132 1733 qui
1149 1657 1326 1733 jussu
1366 1659 1497 1733 ejus
1523 1659 1811 1734 plumbeae
1836 1657 2139 1733 grandinis
2163 1658 2364 1714 nimbo
2396 1658 2597 1715 inson-

288 1765 378 1813 tes
399 1774 480 1815 ,εκ
507 1756 828 1830 improviso
851 1757 1284 1833 perfuderunt;
1325 1776 1581 1833 quorum
1618 1757 1803 1832 aliqui
1834 1756 2205 1831 gravioribus
2243 1754 2597 1815 vulneribus

287 1858 498 1925 affecti,
529 1859 724 1915 caeteri
750 1869 927 1928 veste,
968 1861 1254 1935 bonisque
1289 1861 1518 1929 nudati,
1549 1862 1612 1917 in
1638 1878 1895 1917 carceres
1930 1878 2049 1915 non
2083 1858 2249 1915 ducti
2287 1859 2388 1917 sed
2414 1862 2597 1919 tracti

288 1965 446 2013 sunt.
528 1956 628 2017 Ita
661 1965 734 2013 ut
775 1957 1148 2016 Gubernator
1193 1960 1304 2015 iste
1344 1976 1580 2015 reorum
1626 1956 1817 2031 judex
1864 1965 1924 2013 et
1967 1964 2160 2013 tortor
2205 1956 2405 2026 fuerit,
2455 1957 2595 2015 cum

287 2061 480 2107 tamen
507 2070 610 2126 per
647 2052 800 2127 leges
849 2053 1224 2128 municipales
1270 2054 1518 2128 capitale
1560 2055 1654 2120 sit,
1693 2052 1912 2127 pacatis
1950 2050 2329 2126 tetfl'poribus,
2368 2052 2433 2108 in
2472 2072 2595 2110 non

285 2158 653 2207 contumaces
679 2150 834 2208 ferro
860 2151 1124 2226 grassari.
1171 2152 1290 2209 Sed
1314 2151 1416 2209 ille
1443 2152 1634 2209 nullas
1663 2150 1815 2207 tanti
1840 2149 2052 2226 flagitii
2078 2169 2288 2225 poenas,
2321 2149 2443 2207 imo
2472 2151 2591 2208 for-

285 2267 387 2305 san
411 2249 720 2323 praemium
746 2250 908 2307 tulit.
991 2250 1141 2306 Nam
1168 2250 1399 2307 cultum
1428 2250 1641 2325 sanctis
1670 2232 1936 2305 enhiberi
1973 2247 2147 2304 homo
2172 2246 2413 2306 scilicet
2452 2249 2592 2306 reli-

283 2347 644 2422 giosissimus
669 2368 786 2405 non
816 2348 974 2405 tulit.
1031 2349 1212 2422 Leges
1241 2356 1437 2405 tamen
1461 2346 1651 2422 prima
1670 2364 1917 2421 quaeque
1941 2344 2241 2420 religionis
2271 2346 2591 2405 Catholicae

282 2445 474 2521 capita
498 2454 619 2501 tam
639 2445 806 2521 gravi
832 2446 1118 2522 supplicio
1154 2464 1270 2501 non
1301 2446 1589 2522 plectunt.
1672 2444 1730 2501 N
1732 2451 1917 2500 aturae
1938 2442 2199 2519 profecto
2224 2444 2351 2519 lege
2380 2447 2587 2521 procul

281 2542 384 2599 ille
409 2544 647 2599 recessit
672 2544 1044 2619 praecipiente
1069 2552 1156 2612 ut,
1187 2544 1340 2600 adsit

776 2702 1006 2761 “Regula
1025 2703 1238 2761 peccatis,
1271 2716 1376 2761 quae
1396 2715 1557 2761 poenas
1576 2702 1749 2761 irroget
1768 2714 1927 2761 aequas
2166 2761 2171 2767 .

818 2786 916 2832 Nec
939 2786 1112 2833 scutica
1135 2788 1330 2846 dignum
1351 2784 1563 2833 horribili
1584 2791 1754 2832 sectere
1774 2784 2020 2845 flagellem
2042 2786 2082 2830 :''

281 2939 340 2989 et
367 2929 521 3004 leges
553 2929 754 3005 patriae
798 2928 1091 2985 convulsit
1131 2936 1394 3010 vetantes
1442 2936 1514 2983 ut
1563 2927 1715 2985 idem
1752 2926 1971 3001 judicis
2014 2936 2073 2985 et
2109 2928 2351 2984 tortoris
2388 2936 2585 3009 partes

282 3046 316 3085 a
355 3034 431 3083 at.

315 3046 354 3116 g
873 3123 1102 3172 “Scilicet
1121 3125 1160 3171 is
1181 3125 1314 3184 cujus
1334 3124 1474 3183 paulo
1493 3124 1585 3170 fuit
1605 3128 1713 3169 ante
1736 3122 1897 3169 farinae

922 3206 1192 3254 Pelliculam
1215 3212 1416 3253 veterem
1436 3205 1705 3253 retinet¹³³.''

282 3362 584 3428 Nimirum
601 3369 934 3427 rebellionis
959 3344 1096 3427 faece
1119 3369 1377 3426 nondum
1397 3368 1636 3444 penitus
1662 3366 1843 3435 eluta,
1863 3367 2019 3442 pacis
2038 3367 2268 3443 legibus
2295 3386 2413 3425 non
2440 3368 2579 3427 adeo

279 3468 710 3559 mansuefactus
735 3476 840 3537 est,
865 3468 1010 3543 quin
1030 3476 1281 3526 mentem
1302 3466 1575 3527 adhucsst
1598 3484 1837 3522 manum
1862 3466 2143 3523 armatam
2162 3475 2345 3557 gerat,
2375 3483 2579 3542 supre-

325 3664 381 3695 ¹³⁸
396 3664 473 3711 Ps.
493 3680 563 3711 cv·
623 3664 684 3696 ¹²9
699 3666 730 3711 J
733 3666 847 3723 udae,
867 3680 912 3710 v.
933 3668 974 3712 8.
1026 3666 1085 3695 ¹³0
1102 3666 1178 3711 Ps.
1194 3664 1354 3711 cxviii.
1410 3666 1464 3695 ¹³¹
1486 3666 1514 3711 2
1532 3664 1629 3710 Pet.
1648 3663 1696 3709 ii.
1746 3663 1807 3692 ¹³³
1818 3662 1931 3709 Hor.
1952 3662 2046 3711 Ser.
2062 3663 2126 3709 iii.
2162 3662 2227 3691 *³³
2236 3663 2359 3710 Pers.
2381 3661 2476 3711 Sat.
2496 3679 2541 3710 v.

277 3817 532 3863 ket-towns
551 3815 600 3860 in
614 3815 842 3875 England,
862 3829 978 3863 even
993 3816 1046 3862 of
1055 3816 1134 3861 the
1155 3821 1372 3871 meanest,
1473 3814 1575 3860 best
1608 3813 1659 3859 of
1686 3813 1815 3859 them
1850 3812 2238 3859 all.”--Natural
2274 3814 2475 3873 History
2524 3816 2594 3873 of

278 3899 432 3949 which
453 3910 530 3946 are
558 3905 640 3945 not
674 3912 724 3945 as
753 3899 872 3957 good
899 3913 952 3945 or
979 3900 1126 3947 better
1147 3898 1263 3945 than
1296 3899 1374 3943 the
1479 3894 1687 3955 Ινεὶαηᾱ,
1714 3886 1845 3957 chap.
1870 3899 1899 3945 i.
1926 3912 2011 3946 sec.
2038 3898 2104 3945 vi.
2125 3912 2171 3957 p.
2196 3900 2243 3945 5.
