2834 4467
339 189 467 263 322
1109 204 1521 265 cananum
1550 205 1859 257 svsasus.
2404 211 2559 277 [cm
2584 212 2651 260 v.

1117 835 1120 837 v
1200 750 1603 817 CAPUT
1677 752 1773 817 v.

382 908 528 970 ouon
551 918 789 961 mnam
807 916 1048 961 rusam-1·
1072 884 1313 966 cisum,
1339 920 1418 961 An
1442 921 1633 961 amum
1658 888 2079 963 mBERchRUM
2103 896 2371 961 norm-mr
2394 919 2602 962 conm-

1175 987 1416 1032 RANDAM
1442 988 1807 1031 Anmmcnm.
1894 998 1903 1005 ·

337 1094 424 1141 [38]
444 1094 592 1143 'Testes¹
601 1093 758 1133 Giraldi
773 1092 1138 1141 comprovinciales
1153 1092 1528 1141 imina—Quorum
1550 1095 1777 1143 praecipuos
1792 1095 2007 1142 praedones
2020 1093 2422 1143 appellat—Fabula
2434 1094 2486 1133 tle
2500 1092 2655 1131 insulis

431 1153 651 1195 connaeiae
675 1162 760 1191 non
783 1152 1341 1191 christiania—Nautarum
1370 1152 1529 1199 fragilis
1552 1152 1885 1201 fides.-Quales
1910 1154 2273 1201 comprovinciales
2295 1155 2421 1191 testes
2442 1149 2650 1191 adhibuit.

433 1211 520 1261 [39]
539 1210 796 1251 Lombardus
819 1212 945 1250 nimis
960 1210 1106 1250 leviter
1121 1211 1412 1251 cambrensem
1431 1212 1815 1259 objurgat—Opera
1832 1212 2093 1251 cambrensis
2116 1222 2143 1249 a
2168 1212 2521 1259 contemporaneis
2545 1210 2655 1249 dna-

421 1272 774 1323 ‚nun—Fabulae
791 1273 844 1311 ab
859 1272 946 1319 ipso
967 1271 1112 1319 posito
1125 1280 1203 1311 nec
1217 1271 1376 1319 abipso
1390 1271 2048 1313 ereduntur.—seneent1awmaei
2066 1271 2118 1311 de
2134 1270 2388 1311 cambrensi.
2450 1269 2537 1319 [40]
2560 1270 2652 1307 Ali-

431 1341 515 1379 qua
523 1342 547 1370 e
559 1332 838 1371 monumentis
849 1330 1082 1369 Hibernicis
1090 1329 1561 1370 hausit—Monumenta
1572 1330 1796 1369 Hiberniea
1804 1332 1961 1383 quanta
1969 1332 2011 1368 et
2018 1330 2143 1377 quam
2154 1329 2448 1376 eopiosa—An
2457 1328 2655 1367 Giraldus

431 1390 582 1429 delevit
604 1392 876 1429 monumenta
891 1389 1116 1428 Hibernica
1135 1387 1281 1427 Latine
1297 1390 1451 1435 scripta
1461 1392 1479 1426 r
1542 1388 1627 1437 [41]
1650 1388 1927 1436 Manuseripta
1942 1388 2167 1426 Hiberniea
2182 1388 2321 1426 ablata
2328 1386 2394 1426 vel
2410 1386 2572 1433 direpta
2598 1388 2655 1423 ab

360 1462 366 1467 ·
428 1450 580 1498 Augus
592 1452 792 1497 regnante
811 1448 1062 1489 Elizabetha.
1073 1468 1122 1477 -
1133 1448 1397 1489 Consuetudo
1419 1448 1493 1486 illa
1512 1448 1658 1495 Augus
1673 1448 1719 1487 in
1736 1448 1934 1488 Hibernia
1958 1448 2013 1487 ab
2028 1448 2142 1487 omni
2158 1448 2269 1487 retro
2284 1447 2407 1487 catate
2419 1445 2657 1487 fammaris.

431 1510 702 1549 —Auctorem
718 1509 984 1556 probabiliter
991 1507 1136 1547 habuit
1148 1506 1557 1554 &ramum-opera
1572 1507 1661 1555 ejus
1674 1507 1823 1547 fabulis
1838 1507 1963 1547 nimis
1978 1506 2151 1555 copiose,
2167 1506 2287 1545 metis
2297 1505 2419 1554 parce
2431 1506 2651 1545 instructa.

431 1568 758 1607 —Monnmentis
773 1566 1008 1605 Hibemieis
1021 1566 1174 1605 abusus
1189 1568 1251 1604 est
1268 1565 1470 1605 Gir-aldus.

337 1676 457 1743 Qm
483 1675 735 1731 scribere
751 1673 1056 1730 historiam
1077 1672 1527 1747 aggrediuntur,
1557 1672 1629 1729 ad
1650 1672 2055 1730 narrationum
2072 1672 2382 1729 veritatem
2407 1670 2653 1747 penitus

335 1770 788 1847 cognoscendam
821 1769 1098 1846 pluribus
1133 1769 1248 1826 sibi
1281 1770 1612 1826 rationibus
1638 1770 1792 1827 viam
1828 1778 2129 1826 sternunt:
2172 1777 2279 1826 aut
2304 1769 2461 1826 enim
2496 1768 2655 1825 facta

335 1871 520 1927 oculis
541 1878 648 1927 aut
673 1868 884 1925 auditu
901 1868 1272 1943 comperiunt
1293 1876 1398 1924 aut
1417 1887 1450 1925 e
1470 1868 1864 1925 monumentis
1880 1868 2133 1943 publicis
2157 1866 2475 1925 hauriunt:
2505 1886 2651 1942 quo-

197 1978 316 2043 [38]
335 1988 470 2025 rum
504 1967 782 2041 majorem
822 1966 914 2021 illi
947 1965 1122 2022 fidem
1162 1972 1484 2034 merentur,
1520 1965 1624 2040 qui
1651 1983 1779 2039 quae
1808 1965 1992 2022 oculis
2024 1963 2033 2042 Ι
2061 1965 2377 2023 intuentur
2412 1965 2653 2042 scriptis

337 2067 602 2125 tradunt.
657 2067 746 2122 Ut
769 2064 1139 2122 cambrensis
1157 2063 1427 2120 Solinum
1444 2071 1505 2119 et
1522 2063 1665 2133 alios
1686 2064 2040 2138 impugnans
2056 2064 2195 2138 jure
2216 2063 2455 2132 dixerit,
2479 2070 2651 2121 “non

335 2166 557 2223 mirum
585 2183 706 2221 esse
743 2164 794 2219 si
835 2182 870 2219 a
905 2161 1142 2218 tramite
1167 2161 1439 2219 veritatis
1465 2160 1844 2229 deviaverint,
1888 2160 2025 2219 cum
2062 2160 2214 2218 nihil
2254 2161 2487 2219 oculata
2512 2161 2649 2231 fide,

337 2263 488 2321 nihil
514 2263 630 2319 nisi
648 2279 752 2337 per
769 2260 1020 2317 indicem
1037 2268 1098 2316 et
1125 2279 1158 2316 a
1184 2258 1425 2317 remotis
1446 2267 1833 2333 agnoverunt.
1889 2260 2059 2315 Tunc
2074 2259 2230 2317 enim
2255 2279 2349 2317 res
2370 2260 2653 2335 quaelibet
2682 2306 2689 2309 .

337 2362 660 2421 certissimo
688 2360 909 2417 nititur
933 2359 1005 2417 de
1029 2360 1280 2416 veritate
1319 2357 1595 2426 subsidio,
1639 2357 1777 2416 cum
1802 2340 2002 2417 eodem
2028 2360 2228 2417 utitur
2253 2360 2505 2417 relatore
2530 2380 2653 2435 quo

337 2462 567 2517 teste¹.”
660 2458 776 2516 Sed
802 2457 1036 2513 indictae
1065 2456 1180 2513 sibi
1207 2456 1352 2531 legis
1378 2474 1518 2511 mox
1546 2456 1787 2525 oblitus,
1816 2475 1935 2513 non
1962 2455 2153 2515 solum
2180 2476 2309 2533 quae
2337 2458 2520 2515 oculis
2550 2457 2653 2515 sed

337 2558 514 2616 etiam
541 2576 670 2632 quae
696 2555 912 2613 auditu
939 2554 1173 2631 excepit
1200 2554 1262 2609 in
1291 2554 1511 2635 scripta
1530 2572 1591 2611 se
1616 2555 1946 2612 relaturum
1972 2554 2287 2631 profitetur
2310 2554 2405 2612 his
2432 2556 2649 2625 verbiS,

342 2661 482 2718 “ita
518 2680 612 2717 me
650 2660 735 2715 dii
773 2659 1078 2716 amabilem
1118 2657 1384 2725 reddant,
1428 2666 1501 2714 ut
1540 2657 1691 2714 nihil
1731 2658 1794 2713 in
1819 2659 2021 2715 libello
2062 2660 2447 2735 apposuerim,
2477 2660 2654 2735 cujus

339 2758 649 2815 veritatem
674 2756 770 2813 vel
797 2754 1030 2811 oculata
1057 2754 1172 2811 fide
1195 2754 1289 2811 vel
1316 2754 1868 2830 probatissimorum
1900 2766 1962 2813 et
1988 2756 2468 2833 authenticorum
2494 2744 2652 2813 cossi-

338 2853 788 2932 provincialium
828 2853 1094 2908 virorum
1142 2852 1475 2908 testimonio
1518 2870 1637 2908 non
1680 2853 1981 2909 elicuerim
2004 2856 2063 2922 ;’'
2110 2852 2409 2928 additque,
2459 2860 2497 2886 “
2520 2873 2653 2929 quae

341 2954 530 3012 nostri
555 2951 834 3027 temporis
859 2958 1022 3026 gesta
1047 2950 1144 3007 vel
1169 2949 1346 3007 certis
1373 2952 1447 3007 ab
1470 2951 1765 3009 indicibus
1792 2952 2011 3022 audivi,
2035 2953 2129 3010 vel
2157 2952 2344 3009 oculis
2362 2953 2489 3029 ipse
2515 2972 2654 3010 con-

343 3053 510 3130 spexi
536 3052 754 3109 litteris
787 3049 1137 3107 mandavi².”
1218 3050 1311 3105 En
1343 3058 1416 3107 ut
1444 3050 1679 3107 tandem
1720 3051 1922 3109 audita
1957 3070 2067 3127 pro
2104 3051 2415 3127 compertis
2440 3050 2653 3110 habet!

344 3150 460 3208 Sed
481 3158 630 3207 esset
651 3147 970 3216 tolerabile,
997 3147 1046 3204 si
1065 3154 1245 3205 testes
1272 3156 1362 3205 sat
1379 3147 1703 3223 locupletes
1728 3146 2093 3205 adhibuisset
2111 3155 2172 3205 et
2198 3166 2314 3203 non
2341 3148 2657 3225 populares

343 3266 497 3317 suos,
519 3248 624 3323 qui
641 3265 841 3305 rerum
869 3264 1110 3304 suarum
1129 3254 1461 3302 narratores
1482 3245 1736 3302 adhibiti
1753 3246 1938 3321 magis
1962 3265 2023 3303 se
2052 3247 2164 3303 sibi
2190 3246 2451 3305 faventes
2472 3248 2655 3322 quam

343 3348 502 3405 hosti
545 3347 823 3423 praebent,
867 3363 1120 3419 quorum
1160 3344 1553 3419 primipilares
1591 3343 1927 3421 coryphaeos
1957 3328 2235 3403 Giraldus
2275 3345 2401 3421 ipse
2446 3350 2486 3377 ‘⁶
2504 3364 2656 3421 prae-

343 3449 567 3505 dones’'
607 3444 898 3521 appellat³.
977 3440 1206 3501 Verum
1233 3441 1392 3517 quod
1418 3440 1631 3517 aegrius
1656 3442 1965 3500 ferendum
1990 3452 2098 3511 est,
2135 3462 2252 3500 non
2277 3443 2369 3501 his
2390 3443 2654 3514 tantum,

343 3547 444 3606 sed
469 3544 681 3603 infimae
703 3542 889 3620 plebis
916 3541 1028 3599 feci
1053 3540 1286 3617 patulas
1306 3548 1366 3597 et
1386 3540 1653 3598 credulas
1680 3560 1849 3599 aures
1871 3541 2128 3617 praebuit
2153 3549 2213 3599 et
2233 3542 2392 3619 quod
2418 3542 2509 3600 illi
2528 3544 2659 3603 sine

649 3690 666 3723 ¹
691 3686 805 3747 Top.
829 3687 940 3734 dist.
964 3687 996 3733 i.
1019 3701 1058 3733 c.
1083 3688 1128 3734 5.
1195 3688 1216 3721 ²
1233 3686 1369 3734 Praef.
1393 3686 1501 3735 dist.
1524 3686 1573 3733 ii.
1639 3688 1661 3721 ³
1677 3687 1791 3734 Hib.
1814 3687 2007 3748 Expug.
2026 3686 2107 3734 lib.
2131 3687 2179 3734 ii.
2202 3702 2243 3734 o.
2268 3690 2348 3736 82.

407 3811 430 3837 ¹
463 3804 695 3863 Giraldus,
729 3804 781 3849 in
811 3812 936 3850 some
967 3804 1021 3850 of
1057 3802 1132 3849 bis
1167 3802 1306 3850 latest
1337 3802 1448 3849 πτί-
1548 3802 1727 3850 mation
1762 3803 1887 3849 from
1930 3802 2159 3850 Irishmen
2196 3817 2259 3849 on
2295 3802 2360 3853 all
2400 3804 2661 3866 important

343 3890 483 3948 tinga,
507 3888 756 3937 maintains
776 3889 880 3935 that
908 3888 968 3934 he
989 3888 1177 3934 derived
1199 3888 1274 3935 his
1303 3888 1449 3935 infor-
1548 3891 1743 3935 matters
1772 3887 1972 3948 relating
2002 3893 2054 3935 to
2086 3884 2285 3937 Ireland.
