2834 4467
1125 224 1536 269 cAMBRENSIS
1567 224 1876 269 Evmtsus.

342 206 467 271 360
2393 227 2550 292 [cir.
2574 228 2672 278 v1.

338 380 603 436 vincare’
628 374 827 454 inquit
856 385 1113 436 ‘necesse
1138 381 1253 436 e'st:
1292 396 1365 435 an
1392 396 1510 435 non
1537 376 1820 453 intelligis
1847 386 2104 452 quatuor
2130 385 2266 435 ante
2291 379 2604 435 cucur-isse
2617 377 2672 434 Ῥ

344 476 523 535 Alius
548 494 753 535 cursor
778 476 853 535 ad
891 477 1273 555 interpretem
1300 475 1521 534 detulit
1558 476 1814 553 aquilam
1853 496 1913 533 se
1951 477 2015 533 in
2057 478 2272 534 somnis
2297 478 2498 534 visum
2541 498 2675 535 esse

338 578 579 635 factum.
656 578 747 635 At
772 576 887 646 ille,
917 577 1127 635 vicisti.
1190 576 1315 633 Ista
1340 576 1494 633 enim
1523 594 1628 633 ave
1642 575 1801 633 volat
1821 576 1986 633 nulla
2012 575 2436 635 vehementius.
2499 578 2674 635 Huic

338 675 547 744 eidem,
576 675 871 752 Antipho:
905 682 919 707 ⁶
940 684 1012 732 tu
1036 674 1203 733 νει-δ’
1226 674 1430 749 inquit
1453 679 1469 705 ‘
1489 682 1548 731 te
1573 674 1798 731 victum
1825 692 1948 733 esse
1973 692 2088 732 non
2116 672 2319 732 vides?
2345 676 2464 732 ista
2504 676 2674 733 enim

342 774 469 831 avis
486 774 779 831 insectans
804 772 965 839 alias,
996 782 1057 829 et
1082 772 1311 847 agitans
1339 788 1566 846 semper
1586 771 1649 826 in
1677 778 1971 846 postrema
1997 772 2217 827 est⁴¹.”’
2277 756 2439 829 Su⁰nt
2465 772 2674 848 igitur

340 871 721 931 ominationes
751 870 837 927 ita
862 869 1176 937 versatiles,
1208 878 1281 925 ut
1304 888 1422 925 non
1451 868 1639 925 solum
1665 868 1804 944 ali-o,
1835 868 1936 927 sed
1960 870 2138 926 etiam
2162 870 2224 927 in
2252 870 2498 927 omnino
2528 885 2669 929 con·

340 973 592 1029 trarium
620 988 855 1029 sensum
879 970 1039 1027 flecti
1064 970 1305 1045 possint.
1388 970 1756 1027 Documento
1783 968 1864 1025 sit
1898 968 2054 1044 quod
2085 970 2276 1027 Craeso
2303 969 2378 1029 de
2405 970 2672 1030 victoria

340 1068 661 1127 sciscitanti
686 1066 991 1126 oraculum
1016 1065 1347 1147 respondit:

798 1229 827 1252 “
845 1226 1027 1274 omaus
1049 1226 1227 1286 Halym
1249 1226 1405 1285 perdet
1427 1208 1742 1285 transgressus
1763 1226 1964 1285 plurima
1988 1225 2196 1297 Regna.”

340 1371 429 1429 Ut
468 1369 781 1429 dubitandi
823 1370 987 1443 locus
1032 1370 1277 1427 relictus
1312 1369 1514 1436 fuerit,
1559 1369 1934 1427 amitteretur
1961 1370 2208 1438 Craesu8‚
2249 1389 2324 1427 an
2365 1382 2670 1431 everteret

341 1468 577 1545 Halym.
660 1470 784 1527 Nec
810 1468 1005 1526 minor
1022 1468 1375 1543 ambiguitas
1395 1467 1548 1525 inest
1573 1486 1848 1544 responso
1875 1468 2032 1543 quod
2053 1468 2324 1545 Pyrrhus
2345 1459 2669 1529 consulens

338 1586 412 1623 an
440 1566 727 1623 Romanos
753 1574 905 1624 esset
931 1574 1319 1642 superaturus
1338 1564 1423 1623 ab'
1439 1565 1674 1622 oraculo
1701 1565 1929 1635 retulit,
1959 1565 2216 1623 dicente:

928 1716 1063 1761 “Aio
1085 1722 1131 1761 te
1153 1716 1390 1763 AEacidem
1416 1716 1650 1763 Romanos
1673 1716 1852 1763 vincere
1875 1714 2050 1776 posse‚”

340 1854 476 1912 cum
503 1849 642 1911 hinc
661 1853 885 1931 percipi
906 1872 1020 1911 non
1042 1853 1225 1929 possit
1251 1852 1472 1911 cladem
1493 1872 1582 1923 ne,
1614 1872 1688 1910 an
1708 1854 2014 1911 victoriam
2032 1853 2304 1932 Pyrrhus
2325 1874 2358 1911 a
2378 1856 2665 1915 Romanis

338 1952 641 2011 relaturus
666 1962 833 2011 esset.

458 2051 819 2126 Hujusmodi
845 2051 1255 2109 vaticiniorum
1292 2051 1456 2109 classi
1489 2051 1716 2109 Girsldi
1751 2050 2166 2127 augurationes
2201 2054 2664 2113 annumerandae

340 2160 507 2209 sunt:
548 2160 623 2208 ut
650 2169 779 2225 quae
808 2160 927 2207 tam
966 2168 1001 2206 a
1024 2149 1279 2207 veritate
1315 2151 1552 2218 absunt,
1581 2150 1910 2225 quamipse
1949 2168 1982 2206 a
2007 2149 2147 2207 vera
2173 2136 2466 2225 religione
2491 2153 2662 2209 aber·

336 2250 510 2318 ravit,
541 2248 677 2307 cum
707 2249 841 2306 Diei
869 2228 1081 2305 Martis
1108 2248 1464 2306 faelicitatem
1493 2268 1526 2305 a
1551 2248 1766 2305 fictitio
1791 2247 1932 2305 belli
1955 2248 2081 2305 Deo
2099 2248 2290 2305 Marte
2315 2250 2662 2325 provenisse

277 2368 283 2379 “
338 2348 669 2425 ὲοτὶρεὶεεει
706 2347 801 2405 his
835 2347 1049 2405 verbis}
1136 2353 1172 2381 “
1197 2345 1315 2405 Hic
1362 2345 1688 2403 notandum
1715 2345 1970 2415 videtur,
2021 2346 2115 2403 die
2157 2346 2370 2403 Martis
2409 2358 2661 2424 captum

335 2448 515 2505 fuisse
544 2447 927 2514 Limbricum‚
959 2447 1053 2505 die
1080 2446 1307 2515 Martis,
1338 2446 1526 2503 eidem
1553 2446 1736 2503 fuisse
1763 2446 2138 2513 subventum,
2157 2446 2252 2503 die
2278 2446 2494 2513 Martis
2522 2466 2659 2523 cap-

339 2554 459 2603 tam
487 2546 669 2603 fuisse
696 2545 1169 2613 Waterfordiam‚
1201 2544 1295 2603 die
1321 2544 1532 2601 Martis
1561 2543 1924 2602 Dubliniam.
2009 2543 2132 2601 Nec
2161 2563 2264 2619 per
2292 2543 2659 2602 industriam

338 2643 478 2712 haec,
510 2644 609 2700 sed
636 2662 774 2701 casu
802 2644 924 2701 solo
952 2644 1279 2719 contigisse.
1348 2644 1473 2701 Nec
1499 2644 1718 2700 mirum
1746 2652 1939 2701 tamen
1967 2644 2061 2701 vel
2089 2643 2305 2700 rationi
2325 2643 2654 2714 dissonum,

337 2742 387 2798 si
415 2741 625 2814 Martis
662 2740 1032 2817 potissimum
1076 2740 1170 2797 die
1206 2742 1422 2797 Martia
1460 2740 1696 2816 negotia
1735 2748 1877 2799 sunt
1911 2741 2295 2816 completa⁴².’'
2357 2742 2474 2799 .Et
2509 2742 2660 2800 alibi

337 2838 501 2895 addit
528 2837 708 2913 quod,
757 2837 905 2895 “die
932 2838 1159 2907 Martis,
1205 2838 1424 2894 Martia
1445 2839 1664 2895 vexilla
1690 2837 2093 2895 vehunturssss’
2173 2837 2411 2895 Scilicet
2439 2839 2657 2897 Martis

338 2939 442 2997 isti
469 2938 621 3015 pulli
648 2937 914 3005 forsitan,
946 2945 1085 2993 ante
1111 2955 1371 3011 pugnam
1396 2936 1620 3005 initam,
1656 2936 2030 2993 litationibus
2057 2936 2279 3011 operati
2315 2936 2528 2993 Martis
2557 2940 2656 2995 sui

338 3037 587 3113 gratiam
628 3036 741 3093 sibi
778 3033 1207 3105 conciliarunt‚‘
1228 3042 1289 3091 et
1316 3034 1528 3091 Martis
1569 3034 1814 3093 numine
1853 3032 2031 3092 afflati
2071 3034 2280 3093 acriori
2313 3035 2547 3111 impetu
2587 3038 2653 3095 in

586 3205 624 3237 41
650 3204 721 3249 De
740 3202 1051 3271 Divinatione.
1117 3203 1159 3235 42
1181 3201 1292 3247 Hib.
1318 3200 1508 3260 Expug.
1533 3200 1613 3246 lib.
1638 3199 1686 3245 ii.
1711 3215 1750 3245 c.
1777 3202 1820 3247 8.
1887 3202 1928 3235 4³
1953 3200 2071 3247 Ibid.
2091 3200 2170 3247 lib.
2190 3201 2222 3246 i.
2246 3215 2284 3247 c.
2314 3204 2390 3247 16.

401 3360 424 3393 <³
450 3354 479 3377 ‘⁶
494 3351 627 3397 Itane
661 3350 704 3398 Ο
728 3350 991 3399 Christiane
1013 3350 1211 3399 Camber
1230 3364 1323 3397 non
1348 3351 1438 3395 mi-

336 3438 467 3494 raris,
504 3437 585 3483 sed
618 3436 794 3482 rationi.
822 3449 1073 3481 consonum
1114 3434 1363 3491 arbitraris,
1400 3434 1440 3480 si

336 3522 507 3569 Martis
526 3521 816 3579 potissimam
839 3522 913 3567 die
934 3521 1109 3566 Martia
1128 3520 1316 3579 negotia
1336 3534 1440 3579 per-

337 3602 586 3652 ficiantur?
616 3604 735 3651 ratio
757 3605 843 3651 tibi
872 3604 1022 3651 adfuit
1048 3604 1326 3663 Christiana,
1351 3606 1442 3651 ista

339 3691 566 3747 scribenti,
599 3704 660 3744 an
690 3691 875 3736 ethnica
896 3704 1000 3749 quae
1030 3691 1244 3747 Martem,
1271 3692 1436 3748 Deum,

338 3775 578 3833 praesidem
613 3780 847 3820 auctorem
881 3772 1105 3844 bellorum
1144 3780 1191 3821 et
1224 3788 1438 3821 consum-

338 3866 561 3905 mawrem
578 3856 778 3905 aicbat?
809 3860 1083 3905 adversante
1112 3862 1236 3907 recta
1265 3860 1442 3906 ratione

340 3944 464 3990 omni
500 3949 547 3989 et
568 3944 763 3991 veritate
786 3958 888 4003 quae
925 3945 1085 3991 eodem
1118 3943 1217 3990 loco
1240 3944 1440 3991 Martem

1540 3364 1716 3409 semper
1758 3352 1925 3398 habuit
1959 3366 2050 3412 quo
2093 3352 2329 3399 diabolum
2373 3359 2456 3399 aut
2495 3354 2650 3401 Deum

1539 3432 1730 3481 fictum?
1765 3442 1812 3483 et
1833 3442 1886 3483 tu
1908 3442 2064 3483 tamen
2100 3472 2264 3485 .....
2304 3438 2347 3486 Ο
2370 3439 2648 3497 Christiane,

1539 3522 1707 3568 tribuis
1719 3510 1940 3569 virtutem
1963 3524 2237 3583 peculiarem
2262 3539 2402 3584 supra
2423 3525 2537 3571 alios
2549 3526 2651 3575 dies

1541 3605 1601 3651 ad
1635 3608 1998 3653 consummanda
2023 3608 2211 3667 negotia
2239 3608 2427 3665 Martia,
2463 3614 2510 3655 et
2537 3610 2648 3655 nul-

1540 3690 1635 3736 lam
1657 3691 1706 3736 in
1728 3696 1774 3737 te
1792 3692 2004 3751 agnoscis
2035 3692 2432 3753 superstitionem!
2503 3692 2576 3741 0!
2603 3701 2649 3741 te

1540 3776 1692 3821 sinon
1723 3789 1945 3833 agnoscas
1967 3791 2150 3835 caecum,
2176 3782 2329 3823 mente
2359 3779 2564 3835 captum}
2599 3778 2648 3823 in

1541 3860 1768 3918 profundo
1811 3860 2146 3919 superstitionis
2188 3858 2488 3908 immersum!
2581 3862 2647 3909 Te

1541 3950 1698 3995 tamen
1735 3942 2002 4003 theologum
2035 3945 2365 4004 doctissimum,
2389 3945 2648 3993 eruditissi-

1508 4052 1542 4077 ν»
