2834 4467
333 172 458 237 134
729 184 750 205 ⁸
1105 191 1516 237 muraenas
1548 191 1865 239 nvnasuffl
2389 192 2541 257 [cu.
2570 192 2639 242 11.

447 344 548 402 Ab
575 343 668 401 his
703 344 907 421 igitur,
952 353 1013 403 et
1038 344 1380 421 hujusmodi
1415 345 1602 421 magis
1628 343 1967 421 exploratis,
2006 352 2067 402 et
2094 345 2169 401 ob
2197 344 2399 401 oculos
2422 344 2643 421 positis

219 442 303 505 [9]
333 438 342 510 Ι
374 440 640 498 fontibus
669 441 1023 517 enarrandis,
1055 432 1130 498 ad
1155 441 1519 499 obscuriores
1546 450 1607 498 et
1633 440 1972 505 remotiores
1998 441 2188 498 fontes
2228 441 2639 499 memorandos

332 522 654 613 orationem
675 539 839 597 ultro
864 539 1061 598 flexit:
1088 538 1272 617 magis
1300 540 1585 600 nimirum
1612 539 1861 617 cupidus
1887 540 2023 609 fuit,
2054 540 2325 615 profanas
2348 540 2633 608 fontium,

326 638 506 712 quam
535 657 722 696 sacras
742 638 906 697 dotes
934 639 1151 697 litteris
1172 632 1578 713 consignandi:
1620 647 1693 695 ut
1718 638 1901 713 quam
1926 657 1961 696 a
1988 638 2164 696 sacris
2190 657 2480 707 aversum,
2513 647 2639 695 tam

323 737 394 793 inr
412 736 654 813 profana
689 756 1044 814 propensum
1073 757 1133 795 se
1156 738 1464 814 praeberet.
1549 735 1714 795 Certi
1738 736 2081 795 itinerantes
2109 737 2200 793 illi
2226 746 2547 813 nugatores
2567 737 2637 793 eo

323 835 602 895 audacius
628 838 804 913 plura
829 836 902 893 de
928 836 1266 913 longinquis
1293 834 1839 904 comminiscuntur,
1876 832 1997 911 quo
2027 834 2259 910 longius
2286 836 2362 893 ab
2390 834 2636 893 audien-

323 934 477 992 tium
503 933 735 1004 notitia,
766 941 826 992 et
867 944 1182 1010 prospectu
1222 924 1419 992 abesse
1444 933 1549 990 illa
1575 942 1949 1020 cognoscunt.
2033 934 2307 991 Viatores
2346 934 2507 993 enim
2534 938 2639 1011 (ut

322 1034 632 1110 proverbio
645 1035 957 1092 vernaculo
978 1033 1252 1107 dicimus)
1273 1034 1598 1095 mentiendi
1614 1033 1993 1123 privilegium
2013 1034 2300 1093 referunt.
2361 1035 2412 1091 E
2431 1034 2637 1109 cujus·

321 1137 479 1194 modi
503 1126 841 1196 hominibus
879 1138 1016 1197 cum
1053 1124 1414 1197 narrationes
1456 1158 1589 1198 suas
1620 1138 1897 1197 Giraldus
1936 1137 2311 1215 potissimum
2343 1137 2635 1211 hauserit,

321 1253 437 1292 non
458 1235 627 1293 video
652 1255 761 1293 cur
786 1236 960 1295 fidem
987 1236 1172 1293 ullam
1197 1245 1512 1295 mereatur.
1589 1235 1768 1305 Quod
1794 1244 1991 1313 autem
2015 1236 2322 1293 Giraldus:
2353 1242 2391 1268 ‘⁴
2406 1236 2638 1299 ,viderit

320 1332 629 1403 hominem,
661 1335 834 1411 cujus
860 1354 996 1412 pars
1021 1336 1216 1395 barboe
1244 1312 1708 1413 lymphis⁸fontis
1738 1334 1933 1411 primo
1966 1336 2270 1395 memorati
2294 1335 2447 1404 lotae,
2474 1336 2637 1393 canis

319 1432 722 1503 incanduerat,
770 1432 956 1493 altera
983 1442 1150 1510 parte
1185 1433 1312 1491 tota
1339 1434 1402 1489 in
1430 1432 1539 1491 su&
1564 1432 1781 1491 natura
1807 1432 1972 1490 fusca
2013 1435 2385 1500 manente,”¹⁷
2420 1440 2634 1510 putem

320 1532 614 1592 hominem
639 1533 824 1589 istum
853 1533 1093 1591 Giraldo
1120 1532 1234 1590 ista
1272 1532 1634 1608 imposuisse,
1664 1540 1737 1589 ut
1766 1531 1994 1589 Giraldi
2034 1532 2445 1590 credulitatem
2474 1532 2635 1590 inter

323 1630 542 1687 sodales
567 1629 752 1705 magis
778 1629 1133 1707 exploderet.
1201 1630 1325 1687 Nec
1345 1630 1501 1687 enim
1528 1627 1672 1687 adeo
1702 1630 1915 1687 mentis
1934 1630 2103 1707 inops
2122 1629 2296 1687 homo
2317 1630 2431 1687 iste
2448 1630 2636 1687 fuisse

323 1727 645 1803 censendus
679 1736 783 1797 est,
822 1737 894 1786 ut
920 1727 1174 1798 biformi,
1215 1737 1274 1785 et
1304 1727 1553 1785 deformi
1592 1727 1776 1791 barba
1804 1728 2077 1785 omnibus
2105 1728 2267 1784 ultro
2294 1747 2354 1785 se
2380 1727 2632 1786 irriden-

322 1826 464 1883 dum
503 1828 806 1903 praeberet,
857 1828 962 1903 qui
988 1827 1206 1885 lotione
1232 1828 1410 1885 unica
1443 1828 1687 1885 barbam
1714 1828 1927 1885 canitie
1955 1828 2197 1903 tingere,
2236 1837 2296 1886 et
2322 1827 2635 1887 hominum

322 1923 582 1982 ludibrio
623 1924 682 1982 s'e
719 1912 802 1983 sic
840 1926 1098 1983 eximere
1123 1924 1339 2013 potuit.
1425 1925 1571 1983 Vidi
1605 1925 1889 1998 bicolores
1924 1926 2151 1995 barbas,
2186 1944 2218 1983 e
2255 1926 2635 2001 quorundam

318 2032 517 2081 mento
532 2022 798 2099 pendere,
821 2022 987 2081 nullo
1014 2032 1208 2083 tamen
1235 2024 1397 2081 fonte
1425 2023 1657 2091 tinctas,
1688 2022 1787 2081 sed
1808 2042 1951 2098 quas
1979 2022 2047 2083 ea
2067 2024 2333 2081 colorum
2345 2024 2637 2083 varietate

317 2122 574 2180 imbutas
595 2130 808 2179 natura
822 2120 1126 2199 produxit.
1179 2120 1400 2179 Similis
1419 2121 1615 2178 barbae
1636 2120 1729 2178 vir
1752 2120 2061 2178 Giraldum
2081 2120 2389 2179 convenire
2409 2118 2630 2197 potuit,

315 2229 376 2277 et
395 2220 728 2297 (credulum
747 2220 1041 2278 hominem
1055 2217 1102 2295 1)
1131 2221 1204 2276 ad
1225 2218 1581 2277 credendum
1609 2218 1897 2277 adducere
1923 2238 2088 2277 suam
2105 2219 2349 2276 barbam
2369 2218 2633 2277 diversos

318 2318 539 2377 colores
567 2338 597 2377 e
627 2327 946 2376 memorato
973 2318 1134 2375 fonte
1158 2316 1438 2377 hausisse.

433 2422 618 2478 Porro
644 2420 897 2477 fontium
932 2399 1138 2495 agmen
1164 2418 1498 2476 narratione
1538 2416 1679 2474 satis
1706 2416 1925 2493 inepta,
1956 2426 2015 2475 et
2042 2417 2354 2475 veritatem
2390 2416 2633 2475 omnino

315 2540 433 2594 non
460 2520 758 2579 redolente
784 2519 1022 2578 claudit.
1099 2515 1236 2588 Quo
1263 2518 1420 2576 enim
1448 2524 1688 2595 spectat,
1722 2524 1795 2575 ut
1831 2526 1953 2575 tam
1980 2525 2253 2575 accurata
2278 2518 2537 2587 castitas,
2564 2519 2631 2575 in

314 2620 561 2677 faciente
587 2638 817 2677 sacrum
842 2618 1160 2695 exigatur?
1224 2619 1381 2686 Viri,
1409 2626 1545 2693 post
1572 2617 1897 2693 legitimam
1924 2637 2173 2676 uxorem
2196 2599 2320 2676 fato
2334 2618 2629 2685 functam,

313 2716 634 2775 sacerdotio
674 2716 896 2773 initiati
923 2717 1118 2785 Missa,
1146 2716 1456 2773 castissimi
1482 2714 1772 2791 cujusque
1808 2716 2002 2773 Missae
2028 2717 2317 2773 virtut'em
2352 2736 2429 2773 ex
2454 2736 2633 2793 opere

313 2824 550 2893 operato
567 2815 668 2893 (ut
683 2814 940 2890 theologi
959 2814 1316 2890 loquuntur)
1339 2823 1623 2890 exaequat.
1684 2814 1781 2873 Ad
1804 2816 2089 2872 fascinum
2112 2814 2328 2891 potiuS,
2353 2813 2537 2891 quam
2557 2816 2633 2871 ad

314 2916 649 2993 prodigium
679 2914 982 2973 referendo
1004 2923 1146 2972 sunt
1173 2916 1297 2971 istae
1325 2923 1717 2991 tempestatem,
1748 2923 1905 2973 tacto
1933 2914 2027 2972 vel
2053 2914 2179 2971 viso
2204 2914 2383 2981 fonte,
2422 2913 2487 2970 in
2516 2914 2631 2972 cir-

319 3015 476 3090 cumj
485 3014 789 3071 acentibus
823 3012 1108 3070 excitatae.
1191 3013 1429 3069 Etenim
1455 3013 1752 3069 Martinus
1780 3012 1981 3091 Delrio
2015 3012 2225 3069 lucidis
2264 3013 2634 3087 argumentis

316 3113 578 3171 evincit¹‘³
617 3112 843 3169 nullam
885 3099 1206 3168 hominum*
1231 3110 1485 3169 attactui
1524 3119 1633 3167 aut
1668 3111 1931 3187 aspectui
1963 3110 2085 3167 vim
2118 3110 2319 3177 inesse,
2363 3128 2497 3184 quae
2536 3129 2633 3167 res

314 3215 440 3272 ullo
481 3214 690 3274 damno
727 3212 953 3271 afficere
975 3220 1186 3288 posset.
1259 3210 1359 3268 Ad
1386 3217 1760 3287 tempestates
1800 3218 2001 3268 autem
2032 3209 2164 3267 illas
2192 3207 2471 3267 sedandas
2509 3227 2629 3266 non

313 3313 498 3369 miror
539 3311 730 3369 Missae
770 3296 1234 3379 celebrationem,
1275 3316 1336 3366 et
1375 3327 1540 3384 aquae
1584 3306 1849 3364 lustralis
1901 3306 2289 3384 aspersionem
2329 3306 2627 3364 adhiberi:

557 3445 591 3477 ¹⁷
617 3404 728 3503 Topl
755 3443 860 3495 dist.
885 3442 932 3489 ii.
959 3457 997 3489 c.
1025 3446 1068 3491 7.
1142 3442 1176 3472 ¹⁸
1194 3442 1398 3521 Disquis.
1425 3411 1553 3501 Mag.
1572 3440 1652 3487 lib.
1678 3440 1709 3486 i.
1734 3455 1772 3487 c.
1800 3442 1843 3499 3,
1879 3455 2019 3501 quaes.
2042 3442 2106 3487 iv.
2130 3440 2209 3487 lib.
2231 3442 2274 3497 3,
2292 3444 2379 3486 etc.

315 3566 412 3612 tion
433 3578 493 3611 on
515 3576 545 3609 a
563 3562 774 3609 fountain
790 3561 997 3621 repaired
1015 3562 1078 3620 by
1093 3559 1287 3618 himself,
1307 3572 1419 3606 near
1520 3558 1726 3619 Quisque
1766 3558 1861 3606 suis
1890 3559 2064 3606 meritis
2096 3558 2360 3605 veneranda
2392 3557 2598 3604 sacraria

313 3653 393 3699 the
414 3649 590 3697 church
611 3648 662 3695 of
681 3647 748 3697 St.
770 3647 917 3693 Paul:
1616 3642 1754 3689 Pauli

318 3735 501 3781 “Unda
528 3733 659 3779 lavat
683 3733 835 3779 carnis
863 3731 1085 3789 maculas,
1117 3732 1196 3777 sed
1225 3730 1416 3776 crimina
1519 3729 1790 3789 Ingrederis,
1815 3728 2015 3788 supplex
2038 3728 2173 3775 ablue
2192 3728 2319 3774 fonte
2340 3727 2554 3774 manus.”

445 3822 618 3877 purgat
1579 3813 1767 3859 -C'ar.
1796 3813 1946 3859 Bona.
1974 3813 2146 3858 Rerum
2170 3811 2347 3870 Licur„
2364 3812 2445 3857 lib.
2470 3812 2504 3857 i.
2522 3826 2627 3871 cap.

357 3903 668 3963 Purificatque
681 3902 860 3949 animas
883 3902 1095 3949 mundior
1117 3914 1251 3949 amne
1273 3901 1409 3957 fides3
1515 3912 1603 3945 xx.
1624 3901 1668 3947 5.
1690 3898 2035 3947 SeeAdamnan
2054 3897 2257 3945 deLocis
2271 3898 2470 3956 Sanctis,
2485 3896 2629 3945 lib.ii.
