2834 4467
441 0 468 16 N

347 214 473 281 380
1116 230 1532 281 cimelensis
1561 232 1875 277 nvnasus.
2357 228 2524 301 10³?-
2545 234 2680 284 vn.

343 390 653 457 animosus,
696 388 759 445 et
796 387 1045 444 aemulus
1078 386 1233 444 nihil
1266 404 1529 461 unquam
1567 386 1904 454 abhorrens,
1935 384 2096 460 quod
2119 386 2362 462 aggredi
2397 388 2538 461 quis
2571 387 2680 444 vel

342 488 503 544 solus
526 487 737 544 debeat
764 486 859 544 vel
885 484 1215 543 comitatus.
1299 484 1538 542 Primus
1574 485 1638 540 in
1664 484 1938 559 praelium
1977 484 2082 552 ire,
2113 482 2366 541 ultimus
2395 482 2682 541 conferto

260 565 273 587 ⁸
342 584 543 661 praelio
573 584 764 643 redire
804 592 1134 641 consuetus.
1216 583 1289 640 In
1330 584 1494 639 omni
1527 582 1824 649 conflictu,
1867 583 2030 639 omni
2067 582 2448 641 strenuitatis·
2485 582 2682 658 opera

343 702 447 743 seu
474 685 666 759 perire
690 694 951 759 paratus,
980 700 1085 741 seu
1110 682 1335 758 praeire.
1404 681 1576 739 Adeo
1601 682 1912 757 impatiens
1939 690 2004 739 et
2021 700 2292 758 praeceps,
2315 691 2391 739 ut
2408 682 2508 738 vel
2529 690 2682 737 vota

344 783 561 851 statim,
585 783 681 839 vel
701 782 821 838 fata
836 779 1127 856 complere
1146 780 1395 855 dignum
1414 779 1612 836 ducat.
1667 780 1832 837 Inter
1852 779 2078 849 mortis,
2097 780 2193 836 vel
2213 780 2426 837 Martis
2445 780 2676 836 trium-

341 881 487 957 phos
514 880 603 937 nil
618 880 877 937 medium
896 896 1135 956 ponens,
1160 878 1303 936 adeo
1319 879 1514 935 laudis
1537 878 1808 954 cupidus,
1831 887 1894 935 et
1907 878 2128 954 gloriae‚
2151 876 2316 953 quod
2343 878 2395 935 si
2411 878 2678 935 vivendo

342 982 497 1037 forte
523 999 639 1036 non
666 979 873 1049 valeat,
902 979 1137 1036 vincere
1172 978 1320 1035 velit
1344 978 1442 1035 vel
1479 977 1878 1035 moriendoaess’
1959 978 2144 1034 Porro
2183 978 2248 1033 in
2286 977 2682 1052 singulorum·

342 1078 618 1135 laudibus
636 1060 971 1153 promendis
998 1074 1231 1133 diutius
1256 1075 1479 1133 haerere
1505 1084 1804 1151 pertaesus,
1825 1074 1895 1132 ad
1912 1076 2112 1151 plures
2137 1074 2493 1133 nominatim
2521 1094 2676 1150 prae—

344 1178 527 1235 coniis
555 1176 874 1235 efferendos
890 1177 1019 1233 vela
1046 1176 1326 1233 orationis
1352 1175 1654 1251 expandit,
1679 1194 1746 1232 ac
1771 1175 2022 1245 tandem,
2056 1184 2332 1250 tanquam
2359 1182 2548 1250 portu
2577 1194 2672 1231 ca-

344 1278 561 1353 pessito
580 1276 977 1352 acquiescens:
998 1281 1037 1307 “
1049 1275 1101 1333 O
1114 1276 1360 1350 genus‚”
1378 1274 1594 1350 inquit,
1617 1280 1655 1308 “
1667 1274 1719 1331 Ο
1736 1292 1895 1350 gens,
1916 1274 2146 1349 gemina
2161 1282 2395 1341 natura,
2413 1292 2448 1329 a
2461 1273 2688 1357 Troja7

344 1376 437 1431 nis
454 1374 899 1443 animositatem,
922 1392 957 1429 a
978 1372 1165 1431 Gallis
1178 1391 1479 1429 armorum
1498 1390 1674 1429 usum
1701 1372 2068 1448 originaliter
2085 1372 2340 1429 trahens.
2385 1372 2439 1429 O
2455 1391 2667 1447 genuS‚

354 1473 405 1529 O
426 1492 569 1548 gens
585 1490 717 1547 quae
736 1471 809 1528 ad
832 1471 1023 1547 Regni
1042 1470 1363 1543 cujuslibet
1384 1469 1882 1545 expugnationem
1902 1488 2008 1545 per
2023 1486 2086 1526 se
2107 1469 2506 1526 sufficerefflfi
2556 1468 2675 1525 Mi-

346 1590 446 1627 ror
467 1568 633 1645 quod
648 1589 766 1627 non
782 1570 1035 1627 dixerit:
1068 1575 1105 1601 ‘⁶
1126 1570 1289 1627 Deus
1310 1576 1401 1624 est
1427 1568 1492 1624 in
1507 1576 1768 1643 utroque
1786 1567 2086 1644 parente-’⁹
2140 1567 2222 1623 Et
2241 1558 2382 1623 hinc
2403 1566 2676 1624 oratione

347 1668 547 1725 laxius
574 1666 781 1735 effusa,
812 1666 885 1723 ad
914 1665 1359 1723 Giraldidarum
1384 1664 1574 1740 elogia
1597 1664 1906 1740 pandenda
1931 1664 2217 1731 excurrit,
2245 1671 2568 1720 mutuatus
2595 1682 2674 1720 ex

348 1774 649 1823 oratorum
676 1766 941 1841 principe
966 1764 1245 1839 loquendi
1270 1765 1602 1832 formulam,
1644 1773 1718 1821 ut
1745 1782 1880 1821 suas
1911 1762 2095 1822 altilis
2121 1763 2411 1821 eveheret-
2493 1770 2532 1796 “
2553 1764 2676 1831 Qui

350 1864 553 1932 sunt,”
599 1862 813 1937 inquit,
864 1866 902 1895 ‘⁴
922 1862 1028 1936 qui
1054 1862 1448 1951 penetrarunt
1472 1862 1660 1919 hostis
1702 1861 2025 1938 penetralia
2035 1858 2481 1919 ?--Giraldidae.
2553 1862 2676 1930 Qui

351 1972 498 2021 sunt
534 1981 681 2037 quos
712 1962 909 2019 hostes
947 1958 1727 2031 formidant?-Giraldidae,
1775 1959 2106 2019 Giraldidoe.
2189 1960 2410 2017 Felices
2442 1960 2590 2017 sacti
2627 1960 2678 2017 si

350 2060 496 2149 quid
522 2078 649 2117 mea
675 2058 933 2116 carmina
957 2059 1261 2133 possuntw.
1264 2058 1301 2091 ”

468 2159 603 2217 Ut
579 2178 703 2233 Jam
722 2156 919 2215 videas
944 2156 1239 2214 hominem
1265 2174 1383 2213 non
1409 2156 1693 2224 historici,
1725 2156 1824 2215 sed
1851 2128 2096 2214 oratoris
2123 2166 2318 2234 partes
2345 2157 2531 2227 obire,
2565 2158 2672 2233 qui

346 2278 384 2316 a
408 2258 571 2316 nuda
598 2258 685 2315 rei
708 2257 1044 2314 narratione
1068 2255 1143 2313 ad
1170 2274 1415 2313 suorum
1443 2257 1848 2314 exornationes
1875 2256 2155 2314 orationis
2181 2274 2423 2313 cursum
2449 2257 2674 2314 flectit:

349 2358 468 2414 imo
496 2366 556 2413 et
592 2365 821 2433 poetam
862 2374 1048 2431 agere,
1078 2355 1182 2431 qui
1204 2356 1464 2411 carmine
1489 2372 1724 2429 quoque
1751 2372 1992 2410 suorum
2021 2372 2081 2411 se
2107 2354 2258 2411 facta
2284 2354 2672 2429 proditurum

350 2456 728 2513 confiteturoe.
810 2456 900 2514 Ut
925 2456 1021 2513 vel
1038 2454 1179 2512 hinc
1206 2455 1337 2529 ejus
1358 2454 1764 2511 testimonium
1793 2455 1854 2511 in
1875 2455 2262 2530 suspicionem
2289 2455 2423 2511 falsi
2449 2456 2671 2526 veniat,

352 2554 511 2631 quod
536 2554 905 2623 domesticus,
940 2562 1013 2611 ut
1040 2555 1225 2620 aiunt,
1256 2554 1426 2611 testis
1453 2553 1548 2621 sit,
1578 2552 1810 2627 legibus
1849 2552 2024 2610 fidem
2049 2553 2378 2610 domesticis
2405 2554 2470 2610 in
2497 2557 2678 2613 testi-

350 2654 547 2710 monio
564 2652 924 2727 perhibendo
950 2653 1404 2739 adimentibusffl.
1487 2652 1800 2710 Giraldum
1827 2660 2026 2709 autem
2053 2652 2437 2712 domesticum
2467 2654 2670 2724 fuisse,

220 2806 245 2829 ‚
350 2754 475 2809 sive
492 2751 649 2826 quod
671 2751 913 2826 perinde
934 2761 1039 2819 est,
1058 2750 1331 2808 omnibus
1348 2752 1408 2807 in
1433 2771 1578 2826 quos
1598 2752 1842 2809 laudum
1860 2758 2183 2809 torrentem
2211 2752 2439 2821 effudit,
2461 2772 2678 2827 genere

354 2850 753 2927 propinquum
780 2866 903 2906 esse
928 2856 1172 2905 constat.
1255 2850 1369 2905 Ait
1394 2850 1552 2905 enim
1575 2849 1764 2906 David
1793 2849 2070 2907 Povellus
2109 2851 2170 2905 in
2199 2851 2353 2907 notis
2381 2850 2457 2907 ad
2485 2852 2672 2909 Itine-

356 2948 581 3003 rarium
612 2946 926 3005 Cambriae:
972 2952 1010 2977 ‘⁶
1027 2944 1086 3002 N
1088 2954 1285 3004 aestam
1314 2946 1453 3003 Rufi
1479 2947 1761 3023 principis
1790 2948 2086 3005 Daemetiae
2127 2948 2306 3005 filiam
2332 2952 2672 3025 praestantis
2737 2992 2754 3005 .

354 3046 664 3121 cujusdam
701 3046 899 3103 formae
938 3045 1227 3121 elegantia
1262 3046 1422 3104 inter
1449 3064 1646 3103 omnes
1685 3047 1778 3104 sui
1804 3047 2084 3122 temporis
2121 3048 2397 3105 mulieres
2439 3051 2670 3125 conspi-

354 3163 527 3201 cuam
553 3145 751 3213 fuisse‚
782 3163 858 3201 ex
884 3143 1003 3219 qua
1026 3145 1319 3202 Henricus
1346 3145 1576 3220 primus
1593 3145 1825 3220 Angliae
1849 3146 1977 3202 Rex
1997 3144 2188 3201 filium
2205 3146 2413 3221 gen‘uit
2433 3149 2670 3206 nomine

360 3243 705 3300 Henricum.
790 3244 1017 3302 Deinde
1046 3244 1323 3301 Giraldus
1350 3243 1704 3301 Windsorus
1733 3264 1857 3301 eam
1885 3243 2072 3322 (Rege
2099 3244 2528 3323 consentiente)
2551 3266 2668 3305 ma-

357 3340 635 3403 trimonio
663 3340 778 3398 sibi
816 3341 1130 3416 copulavit.
1222 3340 1399 3397 Unde
1426 3341 1746 3398 Mauritius
1783 3341 1943 3398 filius
1973 3342 2217 3410 Gru-aldi,
2257 3350 2434 3417 atque
2472 3364 2669 3403 omnes

358 3439 675 3497 Giraldidae
693 3439 1091 3497 Hibernenses
1110 3458 1295 3514 genus
1322 3448 1655 3497 traxerunt.
1711 3439 1856 3498 Post
1871 3449 2120 3498 mortem
2145 3440 2389 3512 Giraldi,
2417 3442 2666 3519 Stepha-

423 3627 465 3659 23
490 3625 600 3671 Hib.
625 3624 816 3684 Expug.
834 3623 914 3673 lib.
932 3626 981 3671 ii.
1004 3639 1043 3673 c.
1074 3628 1147 3673 10.
1214 3625 1257 3658 ²⁴
1280 3625 1398 3671 Ibid.
1423 3639 1464 3671 c.
1489 3626 1562 3671 11.
1629 3626 1672 3659 ²⁵
1689 3625 1808 3673 Ibid.
1831 3640 1870 3673 c.
1903 3628 1980 3673 16.
2046 3628 2087 3660 ²⁵
2113 3626 2230 3672 Ibid.
2305 3627 2346 3659 Ἦ
2371 3627 2594 3675 Pandect.
2612 3630 2668 3675 de

358 3690 569 3736 testibus.
590 3689 701 3737 cod.
722 3690 801 3737 lib.
821 3690 883 3737 iv.

378 3876 387 3880 -
440 3842 457 3883 3
488 3845 729 3906 Alluding,
754 3846 992 3908 probably,
1028 3852 1077 3894 to
1112 3848 1191 3894 the
1210 3843 1466 3908 legendary
1569 3848 1654 3896 See
1674 3846 1802 3895 1νίεή
1821 3848 1943 3895 Nea.
1968 3864 2012 3909 p.
2039 3848 2116 3906 35,
2135 3849 2235 3918 ,and
2253 3848 2366 3896 Hit.
2388 3847 2489 3895 Ex.
2513 3848 2544 3895 i.
2564 3864 2601 3896 c.
2621 3854 2664 3896 9.

357 3927 546 3975 dese-ent
568 3929 620 3973 of
634 3930 715 3976 the
734 3930 923 3977 Britons
952 3931 1070 3977 from
1092 3932 1173 3977 the
1186 3926 1474 3993 Trojana--‘
1629 3930 1652 3965 Β
1671 3933 1895 3991 Demetia,
1915 3946 1966 3979 or
1979 3934 2112 3981 West
2125 3932 2298 3992 Wdes,
2313 3933 2356 3980 is
2369 3934 2476 3981 that
2489 3934 2668 3981 district
