2834 4467
325 200 448 279 104
1015 208 1028 217 ”
1096 220 1505 265 σΑιιΒιιΕΝειε
1536 187 1847 273 annaeus.
2406 222 2557 287 [cu.
2586 221 2629 270 1.

317 373 602 449 percurri,
633 380 694 431 et
733 374 1022 433 neminem
1057 372 1431 453 deprehendi,
1466 376 1569 451 qui
1612 394 1730 431 non
1764 375 1860 433 vel
1897 374 2041 433 falsa
2082 381 2303 446 narrat,
2346 375 2443 456 vel
2484 392 2631 433 vera

317 472 484 541 celat,
513 471 606 529 vel
632 473 783 529 mala
809 484 1140 550 exaggerat,
1162 476 1257 533 vel
1283 477 1439 533 bona
1462 482 1761 531 extenuat.
1844 472 1915 530 Id
1941 472 2412 532 certe.familiare
2436 474 2631 530 omni-

316 572 432 627 bus
455 565 565 639 est,
595 579 669 628 ut
701 572 948 647 singulis
987 572 1135 649 pene
1171 574 1342 631 lineis
1383 573 1765 631 contumelias
1801 573 1867 631 in
1900 573 2196 631 Hibernos
2231 574 2521 642 intexant,
2558 591 2631 630 ac

317 676 597 744 tanquam
622 670 1026 745 abjectissimis
1051 672 1413 729 mediastinis
1444 672 1785 747 petulanter
1820 673 2113 730 insultent
2136 696 2153 743 3
2194 680 2267 731 ut
2294 692 2411 730 non
2438 671 2627 730 histo-
2662 699 2667 703 ·

317 768 484 836 riam,
513 767 612 825 sed
639 777 850 826 nostrae
869 769 1062 845 gentis
1081 770 1394 847 vituperia,
1417 778 1481 827 et
1506 770 1693 846 elogia
1712 786 1831 828 suae
1853 778 2055 829 texere
2070 770 2422 843 videantur:
2452 772 2633 845 cujus

318 865 405 922 rei
431 865 737 923 luculenta
762 864 1110 925 documenta
1134 886 1243 943 pro
1267 886 1330 925 re
1355 866 1497 924 nata
1523 867 1683 925 infra
1713 868 1879 936 dabo,
1910 876 1973 927 et
1996 868 2337 943 quicunque
2362 869 2631 943 partium
2658 926 2673 935 ,

320 963 519 1021 studio
543 984 766 1023 vacuus
805 984 922 1023 non
949 964 1103 1041 segre
1137 967 1290 1025 feret
1327 966 1557 1025 eosdem
1593 966 1777 1025 libros
1812 967 2055 1043 legendo
2084 986 2445 1044 percurrere,
2474 987 2511 1025 a
2534 982 2635 1025 me

215 1060 298 1127 [4]
319 1063 632 1122 veritatem
659 1071 816 1121 stare
833 1063 1236 1140 experimento
1255 1063 1665 1140 deprehendet.
1718 1065 1929 1141 Itaque
1948 1065 1998 1123 si
2016 1066 2147 1123 fons
2168 1062 2179 1143 Ι
2201 1065 2361 1122 unde
2374 1065 2633 1123 istorum

318 1163 504 1219 rivuli
541 1161 890 1219 emanarunt
919 1163 1094 1219 semel
1117 1161 1524 1231 exhauriatur,
1564 1162 1921 1238 scaturigine
1944 1162 2371 1221 calum‘niarum
2398 1182 2633 1221 exares-
2666 1182 2677 1186 ·

319 1267 502 1329 cente,
533 1260 606 1317 ad
631 1261 1041 1318 conticentiam
1067 1260 1396 1336 adigentur.
1464 1261 1590 1319 Nec
1616 1262 1771 1318 enim
1800 1269 1964 1319 tanta
1989 1262 2079 1319 vis
2097 1262 2267 1319 estin
2286 1262 2634 1320 multitudi-

319 1360 413 1417 nis
439 1379 690 1425 assensu,
715 1378 844 1435 quae
859 1360 1039 1417 unius
1059 1378 1260 1417 errore
1280 1360 1557 1429 ducatur,
1575 1360 1807 1435 legibus
1828 1359 2227 1418 'asserentibus
2251 1366 2290 1393 ‘⁴
2304 1361 2635 1419 consensio-

299 1468 456 1516 ‘nem
473 1459 721 1516 errantis
737 1458 961 1516 nullam
981 1463 1142 1516 esse¹2
1155 1461 1211 1515 :”
1239 1467 1300 1517 et
1317 1458 1629 1534 Scriptura
1646 1459 2001 1528 consulente,
2028 1460 2166 1518 “Ut
2182 1478 2301 1517 non
2316 1478 2637 1535 sequamur

321 1558 562 1614 turbam
586 1557 658 1614 ad
683 1557 1012 1615 faciendum
1031 1556 1286 1613 malum:
1328 1574 1437 1613 nec
1452 1556 1517 1613 in
1536 1556 1765 1630 judicio
1787 1558 2179 1632 plurimorum
2200 1558 2637 1633 acquiescamus

323 1656 643 1725 sententiae,
675 1664 747 1713 ut
761 1674 819 1715 ,a
852 1674 991 1713 vero
1017 1654 1370 1712 deviemus¹³.
1373 1656 1411 1687 ”
1492 1652 1645 1713 Nam
1670 1654 1998 1713 multitudo
2022 1655 2366 1732 errantium,
2394 1656 2637 1713 nullum

323 1757 546 1885 praebet
571 1755 758 1813 errori
787 1754 1198 1830 patrocinium.
1273 1754 1440 1811 Audi
1477 1753 1535 1811 S.
1566 1752 1987 1811 Athanasium.
2020 1759 2059 1786 “
2076 1754 2377 1833 Semper‚’'
2412 1754 2635 1830 inquit,

327 1853 566 1910 “vincit
601 1854 816 1911 veritas
855 1853 1234 1928 quantumvis
1261 1852 1418 1928 apud
1444 1872 1662 1927 paucos
1687 1852 2039 1909 inveniatur.
2106 1852 2227 1921 Qui
2252 1852 2639 1928 quaestionem

324 1952 680 2028 propositam
700 1952 1010 2009 concedere
1028 1971 1146 2008 non
1173 1950 1368 2020 audet,
1389 1952 1530 2026 quia
1548 1950 2145 2009 demonstrationibus
2162 1952 2497 2009 instructus
2514 1971 2639 2009 non

327 2058 417 2107 est
434 2058 613 2124 atque
637 2048 854 2108 idcirco
870 2049 948 2105 ad
965 2048 1370 2106 multitudinis
1397 2049 1667 2125 confugit
1685 2049 2041 2123 praesidium,
2062 2050 2113 2106 is
2134 2049 2242 2107 hoc
2265 2050 2397 2125 ipso
2422 2068 2485 2107 se
2508 2050 2637 2107 vic·

329 2158 460 2206 tum
488 2148 816 2224 profitetur,
848 2155 920 2205 ut
947 2149 1052 2224 qui
1075 2148 1311 2205 nullum
1351 2148 1515 2205 aliud
1540 2146 1903 2205 confidentiae
1928 2167 2047 2206 suae
2072 2148 2283 2206 habeat
2310 2148 2639 2207 adminicu-
2682 2148 2689 2153 ’

328 2248 472 2305 lum.
531 2247 689 2315 Quid
709 2246 1155 2304 multitudinem
1175 2246 1344 2304 nobis
1358 2247 1593 2321 ingeris,
1618 2246 1785 2321 quasi
1798 2246 2041 2304 alteram
2061 2247 2247 2304 turris
2264 2245 2642 2323 Babylonicoe

330 2346 763 2418 extructionem
791 2346 915 2403 Deo
955 2344 1210 2415 minitaS,
1249 2344 1322 2403 ad
1361 2345 1577 2403 insanoe
1612 2344 1777 2401 illius
1815 2344 2223 2402 multitudinis
2254 2344 2641 2421 exemplum?

331 2445 524 2520 Major
550 2445 782 2501 honos”
835 2444 1028 2521 (addc,
1065 2442 1233 2517 fides)
1260 2450 1296 2475 “
1313 2443 1619 2501 habendus
1652 2450 1743 2499 est
1778 2444 1872 2501 vel
1892 2444 1999 2500 uni
2038 2445 2295 2519 probatae
2326 2443 2465 2501 fidei
2488 2444 2641 2513 vire,

332 2545 511 2618 quam
532 2544 727 2601 decem
743 2544 994 2601 aliorum
1015 2544 1296 2611 millibus,
1311 2542 1416 2618 qui
1434 2562 1494 2601 se
1512 2540 1862 2600 insolentius
1880 2542 2124 2616 jactant.
2168 2542 2235 2601 Si
2252 2542 2647 2601 multitudine

331 2639 629 2697 mendacia
651 2640 906 2708 roboras,
935 2640 1074 2700 mali
1097 2639 1523 2697 vehementiam
1549 2641 1783 2697 innuis:
1825 2639 1937 2697 hoc
1960 2639 2119 2697 enim
2144 2640 2331 2714 major
2354 2648 2446 2698 est
2468 2640 2645 2699 mise-

334 2734 440 2805 ria,
465 2731 587 2807 quo
615 2732 816 2809 plures
839 2734 992 2790 malo
1017 2742 1160 2791 sunt
1187 2733 1527 2811 implicati¹⁴.
1531 2736 1567 2767 '²
1650 2734 1842 2801 Quare
1868 2734 2277 2811 suffragatores
2302 2736 2394 2793 illi
2418 2734 2647 2811 pedarii

336 2833 571 2891 nullum
599 2850 784 2889 causae
808 2832 992 2889 robur
1018 2832 1282 2890 addunt:
1311 2853 1449 2891 cum
1465 2832 1617 2892 nihil
1636 2833 1751 2901 nisi
1764 2834 2081 2892 verborum
2100 2852 2375 2895 acervum
2394 2833 2647 2893 afferant

620 2996 659 3027 ¹²
673 2996 786 3045 Cod.
809 2996 891 3044 lib.
909 2997 940 3043 i.
963 2997 1036 3045 tit.
1065 3000 1139 3057 18,
1164 3013 1203 3044 c.
1233 3001 1308 3047 19.
1391 3000 1429 3029 ¹³
1444 2998 1596 3046 Exod-
1620 3000 1762 3045 xxiii.
1782 3000 1827 3045 2.
1897 2999 1935 3029 ²⁴
1951 2998 2118 3045 Tom.‘
2105 2998 2154 3044 ιὶ.
2172 3012 2219 3057 p.
2244 3000 2354 3046 246.

337 3157 492 3191 orown
525 3144 578 3191 of
607 3142 837 3203 England,
861 3142 1016 3190 which
1035 3143 1076 3189 it
1096 3142 1209 3193 wffl.
1225 3156 1366 3191 never
1385 3145 1445 3192 be
1542 3143 1667 3191 rebel
1688 3143 1840 3203 again,
1864 3143 1971 3190 that
1990 3144 2106 3203 they
2124 3143 2281 3203 might
2299 3144 2359 3190 be
2378 3129 2465 3203 piat
2496 3148 2547 3192 to
2566 3146 2650 3193 the

338 3243 390 3276 so
409 3228 523 3289 long
539 3243 590 3277 as
611 3228 876 3275 thesenish
891 3222 1067 3288 papists
1081 3229 1204 3275 have
1216 3242 1311 3289 any
1330 3229 1446 3277 land
1543 3229 1708 3275 ποια
1775 3214 1873 3274 But
1903 3227 1929 3272 1
1960 3227 2140 3273 deam
2172 3228 2279 3274 that
2304 3228 2484 3275 motion
2508 3233 2561 3277 ω
2589 3231 2650 3277 be

339 3315 446 3361 here
471 3328 524 3360 or
545 3328 628 3361 are
656 3314 860 3377 suffited
887 3320 936 3361 to
966 3313 1057 3360 live
1077 3314 1299 3361 thei-ein?
1364 3315 1442 3362 He
1543 3316 1627 3357 not
1656 3310 1769 3370 only
1796 3311 1995 3369 impious
2026 3311 2120 3357 and
2146 3310 2387 3369 inhuman,
2420 3313 2509 3358 bnt
2543 3326 2650 3372 per—

341 3399 524 3456 admits,
561 3404 612 3444 at
645 3399 725 3445 the
761 3412 887 3444 same
929 3398 1055 3455 time,
1095 3399 1201 3444 that
1246 3400 1276 3425 ‘⁶
1295 3399 1443 3445 three-
1544 3396 1721 3443 nicious
1752 3409 1869 3443 even
1900 3400 1951 3442 to
1982 3396 2110 3443 them
2137 3396 2247 3441 who
2272 3396 2447 3442 wished
2470 3396 2544 3443 for
2562 3396 2651 3443 it.'’

341 3483 522 3529 fourths
541 3483 592 3528 of
611 3483 691 3529 the
721 3482 843 3528 Irish
865 3494 984 3529 were
1007 3486 1091 3527 not
1111 3481 1161 3527 in
1183 3480 1444 3529 rebellion.”
1548 3480 1639 3527 His
1666 3494 1773 3526 own
1810 3480 1987 3540 proJect
2006 3494 2103 3527 was
2139 3484 2189 3527 to
2218 3485 2453 3539 transport
2484 3480 2551 3527 all
2570 3482 2655 3527 the
2678 3506 2713 3539 0

341 3566 719 3615 „Han-dimam
740 3566 867 3613 Irata
885 3566 1172 3625 Minati-clm,
1196 3565 1290 3611 vol.
1303 3566 1352 3612 ii.
1367 3582 1445 3627 pp.
1549 3570 1670 3617 Irish
1693 3576 1741 3617 to
1763 3571 1983 3630 England
2010 3571 2063 3617 in
2093 3571 2175 3617 the
2208 3584 2367 3617 course
2391 3571 2446 3617 of
2470 3571 2576 3617 four
2600 3585 2655 3618 or

347 3653 454 3710 165,
479 3654 585 3699 166.
653 3652 767 3698 This
799 3665 897 3699 was
935 3651 1062 3697 “the
1095 3655 1228 3711 great
1257 3651 1370 3697 Earl
1401 3654 1456 3699 of
1548 3657 1641 3701 five
1660 3669 1807 3716 years,
1830 3661 1884 3701 at
1905 3656 1987 3701 the
2018 3668 2223 3714 expense
2252 3656 2305 3701 of
2322 3652 2549 3714 320,000
2570 3668 2657 3715 per

346 3736 512 3785 Cork.”
577 3736 653 3785 Sir
674 3736 900 3782 William·
918 3736 1070 3795 Petty,
1106 3735 1224 3781 after
1245 3736 1324 3782 the
1355 3736 1449 3783 Re·
1549 3754 1736 3787 annum.
1759 3770 1827 3781 --
1841 3740 1945 3786 Pol.
1983 3741 2235 3800 Anatomy,
2276 3754 2352 3799 pp.
2383 3741 2495 3793 318,
2539 3742 2653 3788 821.

347 3821 580 3878 storation,
609 3823 748 3879 1672,
773 3826 928 3877 states,
958 3823 986 3847 ‘⁴
1003 3821 1106 3867 that
1129 3834 1252 3867 some
1273 3821 1449 3867 furious
1550 3823 1703 3869 When
1749 3824 1863 3870 such
1905 3810 2105 3883 projecte
2148 3822 2287 3869 could
2325 3824 2383 3869 be
2427 3823 2657 3883 seriously

346 3906 502 3967 spirits
534 3907 655 3953 have
685 3908 857 3953 wished
891 3907 998 3959 that
1029 3907 1108 3953 the
1140 3905 1260 3952 Irish
1293 3907 1448 3952 would
1548 3908 1773 3955 broached
1796 3908 1967 3966 during
2002 3922 2127 3954 more
2156 3908 2273 3953 than
2295 3920 2325 3953 a
2352 3902 2561 3967 century,
2594 3922 2656 3953 uo

2038 4057 2064 4072 ἱ
