2834 4467
346 156 473 223 390
1116 176 1532 225 canamus
1562 176 1872 224 mensus.

2361 180 2513 246 [Car.
2536 184 2653 237 vn..

449 328 625 398 Quod
644 338 845 389 autem
866 330 1137 390 Ecclesia
1158 331 1327 389 bonis
1342 330 1688 407 diripiendis
1713 330 1942 395 avidius
1957 330 2332 401 inhiaverint‚
2363 340 2426 390 et
2445 332 2654 393 iisdem

344 430 465 486 sibi
481 427 771 504 flagitiose
792 430 1134 500 vendicatis,
1164 432 1384 491 animas
1412 432 1958 501 contaminaverint,
1979 432 2074 497 vel
2093 431 2232 492 inde
2251 432 2458 507 liquet,
2487 431 2656 507 quod

346 527 623 587 Gir-aldus
662 524 927 587 constare
960 530 1363 605 conqueritur,
1393 529 1844 607 expilandarum
1869 530 2138 593 Ecclesiae
2164 531 2543 590 fortunarum
2569 531 2658 587 vi-

342 627 499 685 tium
524 629 639 685 toti
666 626 787 687 fere
830 633 868 660 “
887 628 1115 687 militiae
1132 630 1169 660 '’
1198 629 1466 703 Anglioae
1507 635 1544 661 ‘⁸
1560 648 1594 690 a
1619 630 1812 704 primo
1837 630 2097 689 adventu
2120 648 2312 705 usque
2333 631 2398 688 in
2423 629 2656 687 hodier-

344 746 490 785 num
517 727 671 785 diem
697 746 1004 785 commune
1030 729 1321 796 fuisse“;'’
1360 728 1448 788 ita
1485 737 1559 789 ut
1584 729 1812 803 inquit:
1857 734 1896 761 ‘⁶
1915 729 2205 789 mendicet
2243 729 2420 788 miser
2443 730 2508 785 in
2543 730 2654 787 Hi-

342 825 547 883 bernia
574 826 782 893 cleruS‚
812 826 1019 901 lugent
1034 826 1304 883 Ecclesiae
1327 826 1702 886 Cathedrales
1729 826 1904 887 terris
1933 826 2073 894 suis,
2102 835 2164 887 et
2185 826 2418 901 praediis
2445 827 2652 902 amplis

342 923 635 998 quondam
664 923 777 981 sibi
802 923 1073 991 fideliter,
1103 933 1165 983 et
1190 922 1399 985 devote
1425 924 1653 983 collatis
1681 924 2040 1000 spoliatae‘·'’.’²
2103 926 2426 999 Postquam
2450 936 2646 985 autem

345 1022 625 1081 Giraldus
660 1022 909 1082 dixerit:
954 1023 1334 1100 “Meylerum
1372 1006 1575 1083 laudis·
1597 1031 1932 1091 amatorem,
1963 1030 2022 1080 et
2059 1023 2278 1099 gloriae,
2307 1032 2523 1085 cuncta
2559 1026 2650 1085 sui

342 1128 506 1196 gesta
550 1118 623 1177 ad
654 1118 779 1179 haec
824 1138 1188 1194 summopere
1222 1118 1599 1177 referentem:
1647 1118 1939 1193 quidquid
1983 1120 2112 1193 ejus
2151 1121 2364 1179 famam
2405 1120 2648 1196 amplifi-

343 1237 473 1276 care
498 1226 790 1293 potuerat,
819 1216 973 1275 illud
1000 1216 1316 1292 adimplere
1338 1216 1524 1275 modis
1561 1218 1834 1275 omnibus
1861 1218 2176 1291 satagebat,
2206 1216 2499 1293 longeque
2533 1238 2647 1277 ma-

314 1338 325 1349 ·
337 1317 459 1390 jori
484 1315 629 1373 curii
653 1315 841 1373 videri
856 1315 1177 1383 virtuosus,
1198 1314 1379 1389 quam
1404 1333 1528 1377 esse
1553 1315 1928 1389 cupiebstssss’
1955 1315 2096 1375 alibi
2115 1317 2402 1389 subjecit:
2433 1322 2472 1352 ‘⁴
2491 1314 2648 1391 qnod

342 1415 447 1473 ille
472 1423 533 1473 et
560 1413 943 1491 Reymundus
970 1413 1195 1469 fuerint
1222 1413 1526 1475 cumulata
1551 1413 1728 1473 laude
1762 1414 1945 1489 digni,
1985 1415 2032 1471 si
2073 1415 2396 1477 ambitione
2419 1415 2648 1490 postha-

342 1511 488 1580 bita,
522 1511 747 1569 Christi
768 1510 1083 1569 Ecclesiam
1109 1510 1308 1569 debita
1334 1510 1642 1569 devotione
1655 1522 2016 1579 venerantes,
2043 1512 2306 1586 antiqua,
2327 1521 2392 1569 et
2407 1512 2650 1569 authen-

345 1610 464 1668 tica
502 1612 765 1684 ejusdem
804 1610 947 1684 jura
982 1630 1099 1667 non
1138 1610 1381 1672 *tantum
1425 1610 1656 1669 illibata
1691 1618 2128 1671 conservassent
2157 1632 2175 1679 ς
2229 1612 2505 1685 quinimo
2535 1620 2653 1669 tam

347 1728 528 1777 novae,
558 1717 798 1785 tamque
836 1717 1093 1765 cruentae
1126 1708 1572 1783 conquisitionis
1610 1708 1896 1785 (plurima
1921 1708 2140 1784 quippe
2175 1710 2487 1784 sanguinis
2509 1710 2652 1771 effu-

348 1809 507 1865 sione
534 1806 1013 1883 Christianaeque,
1055 1807 1247 1883 gentis
1278 1808 1729 1883 interemptione
1765 1806 2018 1882 foedatae)
2057 1816 2286 1882 partem
2311 1809 2656 1883 placabilem

297 1890 307 1901 ’
350 1909 589 1983 Deoque
624 1907 949 1983 placentem
975 1905 1259 1963 laudabili
1282 1894 1598 1981 largitione
1631 1905 2115 1971 contulissent⁴⁷.”
2195 1906 2393 1980 Atqui
2409 1924 2508 1967 ‘ex
2547 1906 2654 1965 hoo

345 2008 508 2063 fonte
542 2003 677 2063 clim
720 2006 893 2081 plura
930 2005 1081 2063 mala
1124 2003 1196 2061 ad
1226 2004 1572 2079 ‘peregrinos
1610 2004 1912 2062 Hiberniae
1937 2022 2298 2079 aggressores
2338 2004 2650 2075 emanasse,

345 2113 477 2160 tum
502 2103 709 2179 primis
735 2102 1189 2179 expugnationis
1216 2102 1488 2177 postibus
1523 2101 1886 2177 Stephanidi,
1918 2102 2264 2170 Raimundo‚
2299 2104 2565 2170 Cui-cao,
2595 2114 2654 2163 et

342 2201 621 2278 MeylerO,
637 2201 699 2259 id
719 2200 1021 2259 obvenisse
1036 2199 1407 2260 cambrensis
1423 2198 1690 2268 affirmat,
1701 2208 1774 2255 ut
1790 2198 1954 2261 nulla
1965 2200 2270 2274 elegitimo
2279 2201 2654 2267 matrimonio

344 2300 539 2357 sobole
566 2298 837 2374 suscepta
865 2298 1139 2374 improles
1164 2297 1480 2355 obierint&
1563 2296 1722 2365 Quid
1749 2316 2062 2356 memorem
2096 2306 2325 2358 ostenta
2357 2298 2652 2357 divinitus

344 2396 610 2475 exhibita
630 2418 664 2453 a
690 2398 909 2471 quibus
936 2398 999 2453 in
1018 2395 1269 2470 hujusce
1290 2386 1556 2453 criminis
1581 2395 1795 2464 affines,
1815 2396 1960 2456 iram
1985 2396 2097 2456 Dei
2121 2396 2412 2456 exarsisse
2439 2398 2650 2472 patuit,

344 2512 473 2569 quae
500 2494 573 2551 de
599 2494 671 2551 iis
698 2494 919 2570 patrati
956 2493 1169 2569 flagitii
1194 2512 1391 2569 poenas
1432 2494 1608 2569 quam
1635 2494 2005 2569 gravissimas
2033 2495 2284 2571 sumpsit
2297 2493 2327 2552 Ρ
2383 2498 2652 2564 Quarum

407 2651 448 2685 ⁴4
472 2652 583 2697 Hib.
612 2653 800 2713 Expug.
824 2654 905 2701 lib.
928 2654 977 2699 ii.
1000 2668 1039 2699 c.
1068 2655 1143 2700 10.
1208 2654 1250 2686 ⁴⁵
1272 2652 1409 2699 Praef.
1435 2650 1520 2699 2⁶³
1531 2653 1639 2699 edit.
1707 2654 1749 2687 4⁶
1772 2652 1885 2699 Hib.
1911 2652 2102 2713 Expug.
2125 2652 2204 2700 lib.
2229 2652 2259 2698 i.
2285 2668 2324 2700 c.
2341 2654 2394 2708 ⁴4.
2463 2656 2504 2689 47
2531 2655 2646 2701 Ibid.

342 2717 422 2763 lib.
451 2716 499 2762 ii.
518 2731 559 2762 c.
582 2720 656 2763 10.
723 2720 764 2753 48
779 2720 915 2765 Praef.
941 2717 1148 2765 &hedit-
1173 2723 1220 2764 et
1240 2716 1320 2765 lib.
1344 2719 1393 2765 ii.
1417 2732 1458 2765 c.
1483 2720 1562 2765 20.

344 2850 567 2899 librorum
598 2855 783 2897 tuorum
814 2851 1003 2897 dederat
1033 2851 1146 2909 ipsis
1172 2864 1334 2897 ansam
1355 2864 1451 2895 non

344 2936 543 2982 multum
563 2937 733 2982 fidendi
749 2937 845 2983 tuis
864 2938 920 2983 de
936 2942 995 2994 te,
1016 2936 1199 2995 tuisque
1215 2936 1446 2981 encomiis.

344 3016 533 3063 Audisti
556 3021 663 3063 tuos
683 3023 841 3065 tantos
853 3016 959 3063 illos
974 3017 1199 3077 Trojanos
1218 3022 1267 3063 et
1278 3017 1403 3063 viros
1419 3031 1450 3063 a

342 3106 390 3150 tc
410 3100 461 3146 in
482 3102 616 3150 caelos
637 3102 783 3149 elatos
798 3103 891 3149 fere
906 3116 1064 3149 omnes
1078 3102 1220 3160 fuisse
1240 3086 1450 3150 hoinines

343 3182 499 3243 inopiii
521 3186 795 3245 laborantes,
820 3188 1011 3247 cupidos
1035 3187 1166 3245 lucri,
1188 3202 1277 3235 aere
1298 3186 1448 3235 alieno

344 3270 618 3317 exhaustos:
642 3277 689 3318 et
709 3273 891 3318 miraris
912 3273 1157 3319 lectoribus
1178 3274 1270 3319 ista
1282 3276 1329 3319 et
1340 3271 1446 3331 plu-

344 3368 397 3401 ra
430 3356 679 3403 scientibus
716 3363 1027 3417 contemptam
1058 3358 1198 3405 fuisse
1229 3359 1366 3405 fidem
1402 3364 1450 3407 et

345 3438 586 3487 lectionem
622 3443 846 3491 librorum
869 3449 1065 3491 tuorum.
1073 3441 1099 3461 ”
1115 3474 1183 3483 --
1196 3445 1444 3505 Apoloyia‚

346 3538 384 3568 c.
412 3538 489 3569 vu.

412 3617 433 3641 ¹
449 3612 547 3658 The
570 3614 671 3659 first
682 3614 879 3673 English
900 3616 1115 3662 invaders
1130 3617 1239 3674 paid
1261 3630 1313 3662 as
1326 3616 1448 3663 little

347 3702 521 3751 respect
558 3702 608 3742 to
638 3698 717 3743 the
746 3704 962 3759 property
992 3701 1044 3745 of
1071 3702 1151 3747 the
1173 3702 1359 3748 Church
1394 3716 1447 3747 as

348 3774 427 3818 the
466 3777 722 3825 Reformers
760 3782 813 3825 of
840 3782 919 3826 the
956 3782 1191 3830 sixteenth
1235 3790 1442 3843 century.

350 3852 445 3907 B-ut
468 3857 645 3916 though
666 3860 777 3921 they
802 3862 1052 3961 plundered
1078 3867 1155 3911 the
1178 3881 1299 3913 mere
1323 3866 1446 3913 Irish

1546 2849 1768 2895 churches
1802 2850 1894 2894 and
1928 2849 2236 2907 monaster-ies,
2273 2850 2389 2909 they
2419 2850 2505 2897 lest
2537 2852 2651 2898 aster

1547 2934 1674 2979 them
1704 2932 1754 2979 in
1789 2932 1854 2979 all
1887 2948 1972 2979 our
1993 2932 2069 2979 old
2097 2938 2256 2991 towns,
2299 2935 2396 2979 and
2425 2936 2477 2980 in
2510 2950 2648 2995 many

1546 3016 1698 3077 places
1718 3018 1767 3063 in
1790 3018 1869 3063 the
1889 3023 2098 3079 country,
2123 3032 2238 3077 very
2259 3020 2547 3077 respectable
2561 3022 2649 3067 and

1547 3116 1792 3152 numerous
1833 3108 2126 3149 monuments
2173 3104 2226 3149 of
2263 3104 2389 3152 their
2433 3104 2650 3165 religions

1547 3187 1658 3233 zeni.
1729 3188 1778 3236 11.
1807 3202 1908 3235 was
1939 3190 2020 3235 the
2052 3190 2228 3249 age-of
2257 3194 2394 3248 great
2431 3190 2650 3251 religione

1545 3274 1852 3322 foundations.

1611 3365 1632 3399 5
1658 3359 1772 3404 This
1803 3359 2058 3405 admission
2095 3372 2258 3420 proves
2296 3360 2404 3405 that
2431 3351 2650 3407 Giraldus

1547 3456 1644 3487 was
1665 3448 1748 3488 not
1769 3456 1819 3488 so
1841 3442 1971 3489 blind
1995 3447 2042 3489 to
2063 3444 2142 3487 the
2171 3444 2336 3488 crimes
2366 3444 2420 3489 of
2448 3444 2521 3489 his
2543 3445 2647 3489 kin-

1547 3528 1658 3572 dred
1692 3542 1744 3573 as
1785 3528 1865 3573 Dr.
1897 3528 2060 3587 Lynch
2092 3528 2308 3573 asserted.
2387 3527 2556 3587 Hervy
2581 3529 2650 3573 Dc

1545 3612 1706 3657 Monte
1741 3612 1939 3657 Marisco
1973 3611 2071 3657 also
2113 3611 2218 3657 died
2252 3612 2455 3658 without
2491 3612 2651 3658 lawful

1544 3696 1897 3761 issue—Praefl
1918 3696 2003 3744 2⁶³oe
2013 3699 2122 3743 edit.
2136 3698 2248 3743 Hib.
2268 3696 2464 3759 Eoepuy.
2503 3700 2650 3746 whe-

1501 3764 1508 3769 “
1547 3782 1650 3827 ther
1673 3782 1744 3832 De
1761 3782 1942 3841 Courcy
1964 3784 2057 3827 had
2078 3782 2238 3829 lawful
2258 3782 2394 3840 issue,
2421 3799 2497 3830 see
2523 3785 2652 3831 Fom-

1550 3867 1769 3927 Masters,
1797 3868 1890 3915 vol.
1909 3870 1936 3915 i.
1961 3884 2005 3929 p.
2023 3870 2129 3928 143,
2150 3870 2246 3915 and
2261 3870 2354 3931 vol.
2369 3870 2418 3916 ii.
2445 3886 2491 3930 p.
2505 3872 2648 3917 2269.
