2834 4467
332 194 417 259 68
1076 211 1386 257 Erisrom
1418 212 1885 257 nnmcaronn.

328 384 452 422 rem
480 364 722 440 prolatis
739 366 1036 440 Majestati
1069 373 1188 423 tuse
1215 365 1472 423 indicare
1498 384 1615 423 non
1634 367 1867 442 regium
1894 385 2016 425 esse
2041 367 2376 425 libertatem
2404 368 2657 426 dicendi

329 483 555 539 negare,
585 484 691 521 nec
719 465 1072 523 sacerdotale
1097 464 1254 540 quod
1280 465 1497 521 sentiat
1524 484 1639 521 non
1666 464 1935 523 dicere¹⁴⁸.

448 564 852 621 Humanitatis
879 564 1068 640 igitur
1101 573 1310 623 vestrae
1345 564 1562 622 fiducia
1582 565 1811 645 ‘fretus‘
1834 564 2121 623 affirmare
2166 585 2284 622 non
2323 564 2642 633 dubitabo,

325 670 460 738 post
487 671 578 720 tot
603 664 1002 721 molestiarum
1036 664 1409 731 vacuitatem,
1447 675 1554 722 aut
1592 664 1665 720 ad
1700 664 1897 721 minus
1932 664 2282 723 levationem
2318 672 2425 721 tuo
2460 665 2641 721 nobis

322 760 604 819 beneficio
631 762 918 831 collatam,
945 780 1050 819 nos
1077 762 1151 819 ad
1176 762 1475 819 felicitatis
1503 771 1791 838 exoptatae
1818 763 2049 821 culmen
2072 764 2108 819 ἐι
2130 771 2189 819 te
2208 764 2358 819 citra
2376 763 2639 820 dubium

322 870 592 922 evectum
619 862 696 919 iri
720 881 733 918 ε
775 862 826 918 si
866 881 1042 937 quam
1086 861 1459 920 subditorum
1503 860 1894 918 conditionem
1921 861 2108 935 Angli
2150 861 2429 937 Scotique
2469 862 2637 917 nacti

323 967 466 1017 sunt
491 978 595 1017 nos
616 968 722 1016 tuo
750 978 992 1016 munere
1017 960 1416 1035 impetremus.
1499 960 1592 1015 Ac
1618 959 1891 1034 primum,
1922 960 1971 1016 si
1998 959 2291 1017 libertatis
2318 959 2635 1033 integrita-

277 1102 284 1113 „
323 1064 461 1123 tem,
487 1056 606 1131 qu&
631 1056 722 1111 illi
747 1056 806 1127 in
834 1056 1028 1131 patria
1054 1037 1330 1132 gaudent,
1362 1075 1467 1114 nos
1494 1058 1555 1113 in
1574 1056 1863 1114 Hibernia
1890 1075 2331 1131 consequamur.
2384 1056 2637 1113 Summo

323 1154 480 1212 enim
505 1154 797 1211 libertatis
822 1154 1090 1213 fruendae
1117 1154 1314 1211 studio
1341 1161 1629 1223 tenemur,
1652 1172 1829 1228 quam
1858 1159 1895 1185 “
1912 1172 2079 1211 nemo
2099 1154 2289 1210 bonus
2307 1152 2424 1208 nisi
2450 1152 2635 1208 simul

229 1257 234 1265 '
324 1271 461 1309 cum
488 1251 682 1309 anima
709 1252 1048 1311 amittit¹⁴⁹.”
1129 1254 1200 1309 In
1223 1253 1447 1329 Angli&
1474 1263 1535 1311 et
1573 1254 1771 1322 Secti&
1802 1253 1872 1309 ad
1900 1253 2119 1329 Regem
2144 1252 2407 1310 omnium
2434 1259 2633 1328 potes-

324 1359 430 1419 taS,
460 1350 533 1412 ad
561 1351 820 1427 singulos
848 1351 1172 1427 proprietas
1199 1352 1475 1428 pertinet.
1518 1353 1729 1409 Omnia
1750 1354 1877 1411 Rex
1903 1351 2149 1427 imperio
2174 1350 2472 1426 possidet;
2506 1352 2630 1407 sin-

323 1450 454 1525 guli
480 1450 754 1508 dominio.
803 1452 874 1507 In
899 1451 1145 1527 imperio
1174 1452 1415 1510 Caesaris
1442 1452 1635 1509 omnia
1662 1460 1818 1521 sunt,
1841 1452 1906 1507 in
1933 1450 2283 1525 patrimonio
2308 1450 2634 1525 propriam.

325 1550 578 1611 Hiberni
604 1550 756 1607 nihil
779 1550 963 1625 magis
988 1550 1051 1607 in
1079 1552 1294 1625 optatis
1319 1550 1539 1607 habent
1559 1550 1738 1625 quam
1763 1550 2113 1625 hujusmodiv
2124 1550 2415 1607 libertatis
2434 1550 2631 1625 gradu

321 1648 634 1717 honestari,
666 1667 784 1723 quo
809 1668 928 1705 non
957 1648 1080 1717 suti,
1111 1648 1210 1706 sed
1242 1648 1708 1707 adversariorum
1749 1646 1925 1723 culpa
1965 1648 2195 1705 dudum
2233 1647 2587 1705 exciderunt-
2610 1670 2628 1715 3

321 1746 537 1821 potiori
564 1754 760 1804 tamen
786 1746 858 1802 ad
885 1766 1020 1803 eum
1047 1746 1238 1805 locum
1267 1748 1383 1805 sibi
1402 1747 1830 1805 vendicandum
1848 1746 1987 1821 jure
2012 1746 2169 1803 nulli
2194 1747 2361 1821 genti
2396 1755 2636 1822 sceptro

325 1852 432 1904 tuo
459 1846 736 1919 subjectae
764 1846 943 1919 quam
965 1846 1246 1903 Hibernis
1274 1854 1638 1921 suppetente.
1722 1846 1932 1914 Quare,
1955 1854 2028 1902 ut
2048 1846 2357 1920 proverbio
2376 1845 2635 1903 dicimus

127 1943 301 2009 [xxiL]
329 1942 512 2000 “Rex
547 1944 587 2001 J
591 1942 807 2018 upiter'
836 1943 1108 2023 omnibus
1155 1943 1310 2000 idem
1331 1945 1385 1999 :”
1430 1944 1512 1999 sic
1546 1962 1662 1999 non
1700 1942 2041 1999 dubitamus
2080 1943 2227 2017 quin
2269 1951 2338 1999 tu
2368 1940 2379 2019 Ι
2408 1962 2517 1999 nos
2564 1944 2634 2002 in

247 2047 253 2052 '
324 2039 524 2097 eadem
551 2060 688 2099 cum
715 2042 837 2099 tuis
864 2042 994 2099 aliis
1021 2042 1276 2100 subditis
1296 2041 1547 2115 justitiae
1574 2042 1895 2117 gratiaeque
1910 2039 2141 2097 trutina
2168 2040 2470 2117 positurus
2497 2041 2596 2097 sis.

438 2139 623 2213 Reges
649 2139 924 2214 pluribus
949 2140 1145 2213 regnis
1185 2140 1536 2214 imperantes
1564 2158 1597 2195 e
1623 2157 1856 2213 quoque
1882 2156 2061 2213 regno
2088 2138 2327 2195 selectos
2347 2138 2411 2206 in
2430 2137 2626 2193 conci-

311 2234 462 2291 lium
489 2254 664 2293 suum
690 2235 1037 2304 adsciscunt,
1067 2244 1156 2305 ut,
1187 2237 1260 2293 iis
1287 2238 1587 2305 consultiS,
1619 2236 1987 2310 singulorum
2016 2254 2331 2311 regnorum
2372 2254 2625 2293 commo-

313 2333 404 2391 dis
431 2334 694 2395 securius
720 2334 1134 2410 prospicerent.
1217 2335 1388 2393 Cives
1417 2334 1570 2392 enim
1596 2334 1800 2409 patriae
1838 2352 1930 2391 res
1972 2332 2337 2409 exploratius
2377 2344 2624 2403 norunt,

313 2441 375 2491 et
400 2432 719 2491 ardentiori
747 2432 946 2489 studio
971 2414 1043 2489 ad
1071 2452 1166 2491 eas
1193 2432 1581 2509 expediendas
1608 2432 1902 2501 feruntur,
1926 2430 2105 2507 quam
2132 2432 2493 2507 alienigenae,
2514 2435 2627 2507 qui

315 2530 495 2604 quem
519 2530 584 2588 in
611 2530 799 2587 aliena
825 2532 1076 2605 regione,
1108 2539 1230 2589 tam
1257 2532 1320 2588 in
1357 2531 1407 2604 ej
1415 2550 1486 2587 us
1526 2531 1774 2605 negotiis
1800 2530 2061 2606 hospites
2088 2537 2149 2587 et
2176 2511 2486 2607 peregrini,
2521 2534 2631 2591 vel.

313 2626 678 2703 ignoratione
703 2646 904 2685 rerum
924 2629 1269 2697 laboranteS,
1293 2630 1386 2689 vel
1408 2611 1655 2704 privatis
1683 2638 1789 2687 aut
1816 2630 2137 2687 amicorum
2158 2630 2471 2687 commodis
2499 2650 2620 2687 ser·

313 2726 555 2793 vientes,
585 2724 706 2781 suis
732 2724 988 2781 consiliis
1015 2726 1068 2783 ei
1093 2746 1211 2783 non
1237 2726 1573 2794 consulunt,
1618 2726 1719 2783 sed
1760 2746 1895 2783 eam.
1922 2734 2219 2783 evertunt.
2300 2725 2427 2784 Imo
2454 2745 2623 2801 pere-

312 2824 472 2898 grini
511 2822 948 2879 eminentiorem
989 2824 1242 2898 aliquam
1282 2824 1345 2879 in
1373 2824 1601 2899 Repub.
1638 2832 1985 2900 potestatem
2030 2824 2191 2883 nacti
2232 2824 2626 2900 suspicionem⁴

244 2992 249 3000 Ι
312 2920 600 2995 indigenis
625 2928 879 2981 movent.
965 2920 1107 2987 Quae
1135 2922 1186 2977 si
1205 2921 1371 2995 justa
1397 2929 1505 2991 est,
1528 2921 1782 2979 amoveri
1814 2922 2017 2989 debet3
2047 2921 2097 2978 si
2122 2922 2362 3006 injusta,
2393 2922 2621 2999 indige-

311 3025 524 3078 naru'm
548 3018 820 3079 voluntas
847 3018 1032 3093 magis
1071 3025 1160 3075 est
1195 3019 1485 3094 explenda
1520 3019 1699 3094 quam
1745 3019 2219 3095 alienigenarum.
2302 3020 2399 3078 Sic
2428 3022 2624 3080 David

313 3117 580 3193 quamvis
618 3122 654 3149 “
675 3117 866 3173 bonus
893 3116 1078 3175 fuerit
1100 3117 1256 3174 sicut
1284 3118 1559 3194 Angelus
1578 3119 1745 3177 Dei¹⁵¹
1760 3120 1797 3149 ’⁹
1846 3128 2039 3177 tamen
2068 3120 2251 3177 Achis
2281 3122 2413 3177 Rex
2442 3122 2621 3190 Geth,

313 3216 558 3291 satrapis
585 3214 974 3290 poscentibus,
999 3234 1134 3272 eum
1154 3223 1364 3291 utpote
1389 3218 1765 3292 peregrinum
1793 3236 1900 3274 suo
1927 3218 2315 3275 contubernio
2341 3219 2628 3278 excedere

314 3324 374 3373 et
400 3316 462 3371 in
491 3314 740 3390 patriam
779 3313 1090 3372 concedere
1121 3315 1321 3389 jussit.
1403 3315 1492 3371 Ea
1531 3316 1649 3371 fuit
1688 3316 1880 3389 gentis
1922 3324 2134 3372 nostrae
2181 3316 2479 3373 calamitas
2525 3326 2625 3383 ut,

313 3414 594 3473 anteactis
614 3412 996 3487 temporibus,
1016 3413 1174 3489 apud
1195 3413 1517 3471 decessores
1536 3419 1762 3471 vestros
1790 3414 1912 3469 non
1928 3413 2184 3471 Hiberni
2209 3412 2281 3470 ad
2307 3415 2625 3474 consilium

379 3623 435 3653 ΗΒ
457 3624 544 3683 Ep.
569 3622 714 3669 xxix.
828 3618 887 3652 ¹⁴9
911 3618 1072 3667 Salust
1105 3618 1154 3664 in
1178 3618 1376 3666 Cataliu.
1499 3619 1558 3648 ¹⁵0
1583 3617 1755 3665 Seneca
1784 3618 1903 3677 apud
1930 3617 2082 3686 Bodin
2116 3617 2165 3661 in
2198 3616 2406 3663 Method.
2431 3631 2477 3676 p.
2504 3619 2617 3664 205.

315 3688 370 3717 ¹⁵¹
395 3691 418 3734 1
445 3687 560 3760 Reg.
586 3688 731 3739 xxix,
1903 3698 1919 3707 ·

379 3828 396 3862 f
415 3832 633 3879 Giraldus
655 3831 949 3880 Cambrensis
983 3828 1272 3891 complained
1307 3830 1411 3877 that
1510 3829 1678 3875 John’s
1690 3827 1933 3875 followers.
1950 3828 2062 3876 Hib.
2076 3830 2202 3889 Exp.
2214 3844 2263 3889 p.
2276 3760 2390 3876 312.
2410 3830 2509 3875 The
2521 3830 2620 3877 like

313 3915 392 3961 the
413 3915 512 3961 first
534 3916 831 3962 adventui-ers
851 3926 969 3962 were
1001 3914 1172 3960 robbed
1193 3914 1258 3973 by
1281 3912 1411 3971 King
1510 3912 1764 3971 complaint
1790 3927 1886 3960 was
1907 3914 2041 3959 made
2057 3914 2107 3959 in
2128 3927 2267 3974 every
2290 3928 2376 3973 age
2397 3918 2447 3960 to
2474 3916 2616 3959 1688.
