2834 4467
331 213 452 277 102
1101 235 1511 280 cinnanum·
1526 200 1852 281 ‘nvnnsus
2344 278 2350 285 .
2416 240 2569 307 [cu.
2598 244 2639 290 1.

323 386 539 462 viginti
561 405 743 445 annos
769 387 944 447 Mane
984 390 1270 465 posterior
1307 390 1726 447 discussionem
1752 388 2049 466 Epistolae‚
2078 408 2257 466 quam
2282 389 2491 469 Manes
2514 393 2643 453 iste

319 484 769 545 fundamentum
793 489 1108 565 inscripsit,
1138 489 1212 546 ad
1230 490 1634 566 posteritatem
1650 489 1995 547 transmisit.
2064 490 2124 547 S.
2152 490 2419 568 cyrillus
2446 492 2639 561 Alex-

323 584 606 643 andrinus
631 586 705 643 ad
731 575 1154 664 Episcopatum
1179 606 1330 645 anno
1351 587 1593 644 Domini
1613 590 1730 646 413
1758 596 2013 656 evectus,
2042 587 2357 645 «Iulianum
2376 588 2636 665 Aposta-

320 693 442 743 tam
479 705 630 744 anno
659 686 898 744 Domini
923 686 1040 746 363
1067 706 1296 756 caesum,
1327 687 1481 767 styli·
1496 705 1775 745 mucrone
1800 686 2076 762 impetiit.
2155 687 2449 763 Eulogius
2474 706 2640 747 unus
2674 754 2684 767 ,

249 782 252 791 ’
320 802 354 841 e
379 782 593 861 cyrilli
617 786 1064 855 successoribus,
1093 785 1580 856 Uestorianorum
1618 786 1981 843 narrationes
2008 784 2095 863 (N
2094 786 2310 843 estorio
2346 795 2485 845 ante
2510 794 2635 845 tre·

319 890 518 939 centos
543 900 576 939 e
600 882 752 939 vivis
779 881 1018 959 ablato),
1047 883 1179 955 falsi
1205 862 1527 958 redarguit.
1610 882 1770 950 Quid
1796 882 2003 941 multis
2030 880 2059 939 ?
2098 902 2206 959 per
2224 902 2456 942 omnem
2482 904 2635 961 prae-

319 978 486 1037 teriti
511 982 792 1055 temporis
817 982 1172 1050 memoriam,
1203 982 1390 1039 cuivis
1430 982 1607 1039 licuit
1632 1000 1769 1039 cum
1804 998 2155 1057 quocunque
2190 982 2327 1041 vivo
2364 983 2463 1041 vel
2500 985 2635 1043 vita

315 1078 524 1137 functo
549 1080 848 1156 scriptore,
877 1082 942 1137 in
969 1080 1384 1157 disputationis
1409 1100 1645 1139 arenam
1672 1081 1821 1138 citra
1854 1081 2360 1157 reprehensionem
2389 1066 2633 1141 descen·

317 1177 468 1247 dere,
501 1198 566 1237 ac
591 1180 663 1237 de
687 1181 978 1255 provectis
999 1181 1122 1255 jam
1149 1181 1222 1238 ad
1245 1181 1497 1238 multam
1524 1180 1803 1256 temporis
1830 1180 2287 1238 diuturnitatem
2326 1182 2633 1241 erroribus

315 1278 760 1353 comprimendis
787 1280 1149 1338 contendere.
1229 1280 1416 1338 Nulla
1440 1281 1595 1338 enim
1622 1282 1723 1357 (ut
1750 1280 1833 1337 ait
1854 1278 2147 1355 August.)
2174 1282 2513 1356 arrogantia
2538 1290 2632 1341 est

314 1376 408 1433 vel
435 1376 712 1453 indagare
733 1377 828 1435 vel
857 1379 1366 1437 tueri-veritatem.
1450 1379 1645 1447 Quare
1670 1398 1789 1436 non
1826 1378 1945 1435 erit
1970 1398 2003 1435 a
2028 1378 2273 1447 ratione,
2304 1379 2401 1456 vel
2428 1399 2463 1437 a
2488 1400 2629 1438 con-

314 1474 628 1533 suetudine
653 1476 927 1545 alienum,
957 1496 1202 1547 errores,
1243 1478 1310 1534 in
1356 1478 1745 1553 scriptoribus
1792 1495 1897 1535 nos
1938 1496 2045 1551 per
2085 1477 2305 1534 multas
2336 1497 2631 1537 annorum

313 1576 608 1633 centurias
661 1560 1024 1653 antegressis,
1075 1576 1461 1655 deprehensos
1506 1576 1803 1653 propalari
1840 1582 1901 1633 et
1943 1594 2019 1633 ex
2063 1575 2371 1636 hominum
2412 1578 2629 1637 animis

314 1674 502 1731 evelli¹
510 1680 542 1730 ¹.
2114 1670 2119 1677 ’
2549 1742 2557 1753 ἱ

432 1772 492 1829 N
493 1790 567 1829 on
593 1792 688 1829 me
704 1773 864 1848 fugit
879 1773 1084 1831 deliria
1105 1774 1334 1832 Giraldi
1361 1794 1394 1834 a
1419 1774 1909 1849 scripturentium
1924 1774 2119 1832 turbis
2140 1782 2399 1851 excepta,
2424 1779 2489 1833 et
2505 1772 2629 1833 n'on

313 1868 538 1927 modica
564 1872 966 1952 narrationum
993 1873 1255 1947 ejusdem
1276 1874 1481 1931 farinae
1504 1874 1825 1937 accessione
1850 1874 2149 1931 cumulata
2173 1874 2369 1933 fuisse.
2417 1874 2629 1933 Minus

311 1969 506 2045 igitur
525 1968 794 2039 consulte
820 1970 1008 2029 facere
1031 1971 1332 2029 nonnullis
1357 1972 1616 2041 videbor,
1633 1972 1697 2028 ‘si
1722 1972 1881 2029 solus
1915 1972 1985 2028 in
2019 1971 2457 2047 disceptationis
2478 1960 2627 2030 ‘are-

311 2086 447 2125 nam
473 2086 608 2125 cum
635 2068 840 2125 multis
867 2068 1229 2139 descendero,
1259 2078 1321 2127 et
1347 2070 1509 2127 solus
1534 2077 1739 2125 contra
1764 2078 1856 2127 tot
1871 2070 2249 2145 “scriptorum
2272 2076 2623 2138 torrentem,

311 2166 552 2225 adverso
575 2168 836 2237 flumine,
867 2176 938 2225 et·
953 2170 1158 2225 averso
1177 2146 1439 2237 numine,
1480 2168 1757 2243 navigare
1779 2167 2151 2225 contendero.
2232 2166 2465 2225 Verum
2505 2168 2627 2226 ista

236 2338 256 2355 l
309 2266 634 2351 multitudo
651 2286 711 2325 se
725 2267 914 2325 instar
927 2267 1108 2324 unius
1124 2266 1318 2336 habet,
1340 2285 1469 2344 quae
1486 2267 1671 2325 Ducis
1691 2267 1871 2325 unius
1888 2266 2309 2325 authoritatem
2326 2268 2621 2343 sequitur,

309 2366 562 2425 rationes
588 2357 730 2425 verb
759 2366 1024 2442 ejusdem
1049 2384 1169 2423 non
1195 2354 1431 2423 excutit
1454 2361 1524 2423 et‘
1542 2366 1783 2423 comites
1808 2366 1939 2444 ideo
1966 2384 2027 2423 se
2054 2364 2295 2423 ducenti
2332 2366 2621 2442 praebent,

307 2464 404 2521 vel
423 2460 587 2539 q‘udd
613 2465 1008 2541 praeeuntium
1027 2464 1433 2540 integritatem
1457 2464 1519 2520 in
1540 2464 1929 2539 suspicionem
1948 2470 2067 2519 non
2084 2470 2313 2531 vocent,
2334 2462 2433 2521 vel
2454 2462 2627 2539 quod

279 2574 284 2578 ’
307 2562 507 2619 eodem
533 2562 912 2621 maledicendi
939 2563 1136 2621 studio
1159 2564 1226 2620 in
1247 2564 1545 2621 Hibernos
1570 2562 1851 2631 ferantur,
1874 2570 1937 2619 et
1962 2570 2241 2636 tanquam
2266 2560 2497 2637 aspides
2516 2562 2625 2637 (ut

306 2662 616 2737 proverbio
643 2661 890 2739 dicitur)
919 2682 952 2719 a
977 2660 1182 2739 vipera
1208 2680 1499 2719 venenum
1524 2668 1895 2718 mutuentur.
1990 2661 2179 2719 Nemo
2204 2660 2362 2717 enim
2388 2660 2621 2737 Anglo-

307 2778 444 2817 rum
472 2760 842 2836 scriptorum,
875 2780 1078 2819 eorum
1104 2762 1251 2831 dice,
1282 2762 1386 2838 qui
1413 2780 1447 2817 a
1468 2758 1772 2819 catholica
1798 2760 1913 2817 fi'de
1938 2752 2271 2829 abhorrent,
2301 2759 2375 2816 de
2398 2760 2621 2818 Hiber-

307 2858 398 2915 nis
425 2858 649 2933 aliquid
687 2861 978 2918 memoriae
1019 2860 1282 2929 tradidit,
1327 2858 1502 2934 quem
1542 2858 1761 2917 veritas
1798 2858 1861 2915 in
1906 2876 2109 2916 rerum
2154 2857 2621 2915 Hiber-nicarum

306 2950 744 3019 narrationibus
771 2954 1120 3037 plerumque
1149 2957 1266 3017 non
1293 2958 1523 3017 defecit.
1590 2956 1907 3026 Plurimos,
1946 2955 2089 3027 imo,
2112 2956 2176 3012 ni
2200 2956 2407 3053 fallor&
2416 2958 2623 3015 omnes

1039 3126 1074 3154 ¹¹
1101 3124 1276 3185 Contra
1299 3122 1499 3181 Celsum,
1523 3121 1603 3168 lib.
1628 3122 1693 3167 iv.
1718 3136 1756 3168 c.
1786 3123 1861 3169 65.

371 3271 392 3305 ¹·
416 3274 463 3320 It
493 3274 650 3321 would
683 3274 862 3334 require
897 3278 978 3319 too
1011 3272 1151 3318 much
1187 3284 1322 3330 space
1359 3275 1429 3337 tos

305 3360 496 3407 confirm
532 3360 612 3406 the
641 3358 828 3420 general
848 3358 980 3405 truth
1001 3358 1054 3404 os
1071 3358 1166 3403 this
1187 3356 1410 3403 assertion

226 3464 234 3469 ·
303 3445 370 3503 by
383 3448 588 3491 extracts
601 3443 724 3491 from
739 3443 952 3489 different
967 3441 1167 3501 English
1179 3442 1272 3487 and
1286 3440 1409 3487 Irish

303 3530 495 3577 writers.
577 3529 734 3579 When
761 3526 1019 3575 influential
1049 3541 1157 3573 men
1187 3522 1410 3586 proposed

305 3616 386 3661 the
427 3614 711 3675 extirpation
739 3606 792 3661 of
824 3614 903 3660 the
937 3612 1073 3671 Irish,
1117 3626 1170 3658 as
1203 3613 1284 3658 the
1314 3612 1409 3658 sole

303 3713 463 3745 means
498 3700 548 3745 of
581 3699 771 3758 settling
809 3698 1006 3756 1re1and‚
1049 3698 1128 3743 the
1161 3696 1408 3743 historiens
1444 3718 1449 3729 ·

303 3784 440 3829 could
472 3789 555 3830 not
588 3786 646 3831 b‘e
680 3783 876 3843 entirely
906 3784 1000 3829 free
1018 3782 1138 3829 from
1171 3782 1250 3827 the
1283 3794 1407 3827 same

304 3868 586 3929 sanguinei-y
609 3868 753 3927 spirit.
822 3868 920 3913 The
955 3866 1076 3913 Lord
1105 3866 1292 3925 Deputy
1315 3866 1406 3911 and

305 3952 496 3999 Council
523 3953 574 3999 of
593 3950 775 3999 Ireland
799 3951 1120 4011 expostulated
1135 3952 1249 3999 with
1276 3950 1404 4009 King

1510 3268 1676 3327 Henry
1698 3262 1855 3326 VIII„
1870 3266 1929 3313 A.
1946 3267 2008 3313 D.
2028 3267 2169 3325 1540,
2194 3266 2383 3327 against
2402 3266 2619 3327 extirpa-

1510 3352 1636 3411 tion3
1673 3354 1703 3379 ‘⁴
1718 3353 1804 3399 but
1832 3357 1883 3399 to
1902 3352 2151 3411 antei-prise
2171 3352 2251 3398 the
2272 3348 2377 3399 kole
2398 3353 2617 3412 extirpa-

1508 3440 1608 3487 tion
1631 3438 1723 3485 and
1745 3436 1881 3506 totall
1896 3437 2179 3484 destruction
2199 3436 2255 3483 of
2277 3436 2340 3483 all
2364 3437 2446 3503 the
2467 3436 2618 3484 hish-

1508 3538 1613 3587 men
1638 3524 1690 3571 of
1706 3524 1785 3570 the
1806 3524 1931 3581 land,
1956 3522 1995 3569 it
2015 3522 2170 3569 would
2191 3522 2248 3568 be
2277 3535 2307 3568 a
2332 3520 2619 3569 mervallous

1510 3610 1765 3667 sumptious
1787 3609 1957 3667 charge
1988 3607 2081 3653 and
2111 3611 2244 3667 great
2274 3600 2649 3668 difficulty.”—”

1512 3694 1643 3741 State
1664 3694 1865 3754 Paper-s,
1882 3692 1975 3739 vol.
1998 3692 2064 3739 iii.
2087 3706 2133 3751 p.
2155 3694 2275 3751 1763
2300 3692 2621 3739 Hardz'man’s'

1508 3784 1693 3829 Statute
1715 3784 1779 3843 os
1794 3782 2042 3841 Kilkenny,
2068 3796 2113 3841 p.
2138 3782 2216 3827 91.
2286 3780 2345 3827 In
2370 3777 2511 3838 1585,
2540 3782 2619 3830 Sir

1506 3867 1633 3913 John
1677 3866 1871 3924 Peri-ott,
1920 3866 2043 3911 Lord
2087 3864 2277 3925 Deputy
2316 3864 2370 3911 of
2408 3864 2613 3922 Ireland,
2662 3912 2671 3925 „

1507 3952 1693 4011 writing
1714 3957 1761 3999 to
1783 3948 1862 3999 the
1886 3952 2043 3999 House
2065 3952 2116 3998 of
2132 3948 2379 4000 Commons
2402 3942 2459 3997 ‘in
2481 3949 2615 4011 Eng-
