2834 4467
301 256 386 317 30
1053 278 1364 324 Emsrom
1395 276 1858 321 nssnrcnoam.

301 426 723 487 ecclesiasticus
739 430 918 487 asseri
935 428 1097 499 solet,
1120 430 1437 488 Catholicis
1458 430 1815 507 impertivit:
1843 430 2095 509 istorum¹
2118 440 2309 489 tamen
2332 431 2621 489 Comitio-⁶

301 546 439 587 rum
457 548 758 587 consessus
778 530 1020 587 inferior
1039 532 1282 589 unicum
1309 532 1641 607 indigenam
1662 531 2037 589 Catholieum'
2062 531 2169 589 illo
2194 552 2254 589 se
2274 532 2623 605 juramento

301 627 626 703 astringere
650 626 1076 685 detractantem
1103 632 1310 709 senatu
1335 629 1540 686 movit.
1584 629 1821 687 Scilicet
1840 630 1946 705 qui
1968 630 2233 703 juratam
2262 629 2408 705 Regi
2440 628 2621 685 fidem

303 725 616 803 saepissime
643 726 1010 797 fefellerunt3
1051 728 1225 785 fidem
1253 728 1400 804 Regi
1428 746 1543 785 non
1564 729 1823 803 juratam
1852 728 2215 787 sanctissime
2243 728 2621 787 servantibus

303 824 604 901 negotium
623 810 932 884 facessunt.
974 826 1126 885 Sane
1154 839 1286 903 post
1303 827 1643 903 religionem
1664 828 1727 883 in
1750 828 2037 885 Hibernia
2056 846 2341 903 supremae
2360 834 2621 903 potesta·

303 924 382 980 tis
397 922 760 981 authoritate
777 932 1083 995 mutatam,
1099 926 1488 983 Comitiorum
1508 935 1799 983 senatores
1818 926 1891 983 ad
1908 925 2193 1000 ejusmodi
2206 926 2621 1000 juramentum

303 1020 494 1079 adacti
533 1040 651 1078 non
691 1022 954 1091 fuerunt,
1000 1024 1260 1079 omnium
1301 1024 1457 1080 enim
1500 1022 1889 1081 Comitiorum
1922 1022 2046 1096 jam
2088 1022 2225 1080 inde
2272 1020 2619 1079 habitorum

307 1117 596 1177 Catholici
625 1125 662 1151 ‘⁴
679 1136 812 1195 pars
836 1138 1046 1195 magna
1072 1119 1290 1176 fuit⁷¹.”
1372 1120 1559 1177 Nemo
1586 1128 1781 1177 tamen
1828 1138 2048 1186 eorum,
2094 1110 2171 1176 ob
2206 1118 2621 1195 juramentum

307 1213 606 1273 Primatfis
633 1224 989 1285 recusatum,
1025 1215 1396 1273 comitiorum
1438 1216 1609 1273 domo
1648 1216 1873 1291 ejectus
1912 1227 2017 1274 est.
2099 1217 2169 1273 In
2197 1216 2409 1273 horum
2438 1217 2622 1273 etiam

306 1316 695 1373 Comitiorum
711 1316 1002 1392 superiori
1023 1315 1173 1385 aulai,
1204 1316 1405 1391 paucis
1434 1316 1723 1390 majorum
1746 1314 2065 1373 Catholicis
2090 1316 2431 1391 proceribus
2458 1315 2622 1389 ejus·-

305 1414 464 1471 modi
487 1424 914 1473 sacramentum
941 1414 1274 1473 exhibitum
1303 1434 1419 1472 non
1446 1416 1582 1474 fuit.
1664 1416 1835 1474 Sicut
1860 1415 2050 1491 igitur
2075 1434 2191 1472 non
2228 1415 2355 1472 sine
2392 1415 2621 1490 gravis-

306 1512 454 1569 sima
481 1512 804 1576 insolentiae
829 1512 1234 1590 notalinfimus
1264 1514 1653 1571 Comitiorum
1688 1501 1831 1570 ordo
1870 1533 1904 1570 a
1943 1514 2313 1589 superiorum
2340 1514 2623 1570 ordinum

307 1620 369 1669 et
393 1611 682 1685 majorum
709 1628 826 1669 usu
852 1611 1088 1679 recedit,
1139 1612 1222 1668 sic
1248 1630 1366 1668 non
1411 1610 1707 1669 modicum
1748 1612 1999 1688 Reipub.
2026 1611 2358 1689 periculum
2388 1612 2621 1687 impen-

306 1710 431 1783 det,
461 1710 630 1785 quod
655 1712 1294 1787 populi-procuratores
1327 1711 1581 1768 novitati
1616 1719 1679 1768 et
1719 1728 1915 1768 rerum
1958 1712 2321 1769 conversioni
2361 1711 2620 1769 studeat.

307 1808 479 1877 Nam,
509 1816 582 1865 ut
609 1809 694 1865 ait
721 1808 781 1865 S.
811 1809 1212 1883 Augustinus,
1260 1815 1296 1841 “
1317 1809 1453 1884 Ipsa
1487 1810 1741 1867 mutatio
1784 1790 2224 1867 consuetudinis
2262 1809 2441 1867 etiam
2482 1792 2649 1883 quae·

307 1906 549 1981 adjuvat
575 1907 859 1973 utilitate,
887 1907 1148 1965 novitate
1175 1908 1589 1981 perturbat⁷¹.”

425 2006 542 2063 Per
567 2014 896 2063 memoratas
923 2006 1079 2080 pacis
1105 2014 1290 2080 pacta,
1320 2005 1475 2081 leges
1514 2006 1771 2081 antiquae
1806 2014 2011 2063 contra
2049 2006 2223 2063 fidem
2254 2005 2621 2065 Catholicam

307 2105 439 2162 latae
487 2105 570 2161 sic
613 2104 982 2179 antiquandae
1035 2104 1300 2175 fuerunt,
1348 2086 1437 2161 ut'
1474 2104 1737 2178 ejusdem
1790 2104 1926 2161 fidei
1970 2104 2275 2181 professio,
2298 2103 2621 2161 Catholicis

195 2246 214 2261 x
307 2201 505 2259 fraudi
543 2222 662 2260 non
709 2202 880 2259 soret.
963 2200 1079 2258 Sed
1117 2210 1411 2277 postrema
1452 2197 1845 2259 comitiorum
1898 2201 2095 2258 classis
2149 2201 2223 2257 ad
2274 2201 2620 2277 religionem

305 2294 544 2377 penitus
571 2291 924 2368 abolendam,
975 2318 1092 2355 non
1145 2299 1335 2357 solum
1387 2307 1587 2356 vetera
1639 2298 1869 2355 decreta
1922 2310 2267 2367 restaurare,
2314 2299 2435 2373 sed·
2462 2316 2623 2356 nova

307 2396 484 2477 longe
530 2400 870 2477 gravissima
915 2399 1129 2456 cudere
1171 2406 1527 2455 statuerunt.
1608 2398 1697 2455 Ut
1743 2397 1955 2454 vestris
2000 2398 2213 2455 studiis
2256 2398 2394 2455 data
2437 2399 2621 2474 opera

307 2500 516 2568 obniti,
545 2500 792 2557 decretis
817 2499 1114 2564 reluctari,
1137 2508 1198 2555 et
1224 2498 1485 2573 imperiis
1511 2496 1793 2553 obsistere
1817 2496 2144 2553 videamur.
2207 2497 2307 2553 -Et
2333 2516 2437 2554 nos
2463 2498 2621 2555 invi-

267 2600 276 2614 '
307 2608 398 2657 tos
425 2598 618 2655 dicere
643 2606 880 2673 cogant:
927 2604 964 2630 “
981 2617 1054 2654 en
1080 2596 1202 2654 haec
1218 2596 1511 2673 promissa
1549 2594 1693 2652 fides
1734 2596 1919 2651 est”.”
2002 2595 2095 2651 Ita
2114 2604 2205 2653 -ut
2244 2596 2349 2670 qui
2392 2614 2617 2671 regere,

306 2716 424 2755 non
449 2698 574 2773 regi
600 2698 871 2774 cupiunt,
900 2716 1018 2753 non
1045 2696 1262 2771 Regem
1289 2696 1521 2763 habere,
1566 2694 1665 2751 sed
1694 2696 1878 2770 Reges
1918 2714 2042 2751 esse
2059 2732 2064 2737 -
2082 2695 2286 2763 velint,
2319 2700 2377 2752 te
2405 2695 2619 2753 crude·

307 2797 422 2853 lem
449 2796 510 2852 in
536 2794 834 2871 puniendo
848 2812 984 2853 ‚esse
1007 2794 1285 2855 malentes
1315 2792 1491 2868 quam
1518 2792 1948 2851 misericordem
1976 2794 2037 2849 in
2065 2792 2441 2849 condonando
2466 2812 2620 2869 prae·

821 2925 826 2931 ¹
914 2961 954 2993 ⁷¹
973 2958 1156 3005 AEneid.
1181 2958 1229 3003 ii.
1311 2922 1454 3017 321ss3p.
1486 2959 1591 3003 118.
1658 2956 1897 3027 effluam.
1924 2958 1987 3004 vi.

375 3117 407 3141 Ἢ
425 3110 528 3157 Art.
547 3124 580 3157 1.
606 3111 752 3157 Peace
773 3110 826 3157 of
845 3112 986 3156 1648.
1034 3110 1173 3157 Carte
1194 3107 1265 3172 (p.
1285 3105 1407 3170 221)

310 3202 454 3243 states
473 3197 606 3243 there
626 3210 724 3243 was
748 3210 810 3242 no
825 3196 1040 3243 Catholic
1063 3196 1294 3253 returned,
1323 3195 1408 3241 but

308 3282 438 3328 there
461 3295 560 3329 was
593 3294 680 3328 one
713 3283 785 3327 for
812 3282 893 3328 the
921 3280 1130 3340 borough
1163 3280 1216 3325 of
1243 3280 1404 3325 Tum.

308 3366 408 3413 The
421 3366 686 3425 Commons,
700 3367 927 3423 however,
946 3366 1113 3411 moved
1135 3379 1197 3411 an
1219 3364 1409 3409 addi-ess

309 3456 360 3495 to
381 3450 464 3497 the
485 3450 632 3496 Lords
650 3450 866 3506 Justices,
891 3449 1012 3507 May
1034 3450 1105 3505 15,
1134 3450 1273 3505 1661,
1305 3448 1411 3493 that

309 3534 390 3581 the
427 3534 558 3581 -Lord
595 3532 868 3583 chanoenor
907 3532 1075 3579 shouid
1118 3532 1411 3579 commission

311 3632 438 3665 some
461 3632 640 3679 person,
663 3619 811 3663 under
831 3618 911 3664 the
945 3617 1088 3665 Great
1111 3616 1229 3674 Seal,
1253 3623 1303 3663 to
1325 3616 1410 3662 ad-

309 3703 521 3749 minister
532 3704 612 3749 the
632 3703 743 3750 cath
764 3703 817 3749 of
831 3716 1101 3763 supremacy
1117 3708 1168 3749 to
1183 3702 1248 3748 all
1263 3715 1408 3747 mem-

308 3790 414 3836 bers
433 3789 488 3835 of
501 3789 582 3835 the
603 3788 865 3836 Commons.
931 3789 1046 3835 This
1065 3789 1120 3846 is,
1155 3800 1218 3833 no
1247 3787 1406 3844 doubt,

311 3874 391 3919 the
410 3873 508 3919 fact
527 3871 714 3919 alluded
733 3878 788 3919 to
813 3874 864 3919 in
895 3873 976 3919 the
1005 3876 1125 3919 text.
1193 3871 1295 3919 One
1317 3870 1409 3917 Ca*

310 3955 454 4002 tholic
477 3955 594 4003 Pecr
613 3961 686 4003 sat
705 3956 756 4001 iu
768 3956 852 4002 the
873 3954 1033 4001 House
1053 3955 1106 4001 of
1121 3955 1280 4012 Lords,
1295 3954 1412 4015 May

313 4044 357 4099 8,
389 4044 526 4098 1661,
556 4042 650 4087 and
669 4040 848 4087 several
868 4042 1023 4086 others
1045 4052 1164 4086 were
1187 4040 1237 4086 in
1269 4032 1408 4098 town,

1510 3108 1589 3153 the
1610 3107 1720 3153 cath
1744 3113 1825 3153 not
1856 3108 1996 3168 being
2027 3109 2237 3167 required
2267 3108 2316 3154 in
2349 3108 2430 3153 the
2452 3108 2621 3167 Upper

1510 3192 1681 3239 House.
1750 3194 1825 3239 An
1849 3194 2037 3239 addi-ess
2062 3209 2159 3243 was
2191 3194 2432 3254 presented
2460 3194 2620 3241 before

1508 3279 1588 3325 the
1608 3279 1839 3336 electione,
1872 3280 1976 3325 first
2002 3284 2055 3325 to
2084 3280 2165 3325 the
2187 3280 2381 3339 English
2402 3280 2618 3334 Council.

1508 3363 1601 3409 and
1617 3364 1884 3409 afterwards
1900 3368 1949 3409 to
1964 3364 2045 3409 the
2060 3363 2181 3411 Irish
2190 3364 2475 3423 chancellor,
2490 3364 2617 3411 Eua-

1509 3453 1624 3505 tace,
1658 3454 1707 3493 to
1738 3447 2011 3493 administer
2045 3448 2126 3495 the
2158 3449 2268 3494 cath
2291 3450 2343 3495 of
2358 3446 2619 3509 allegiance

1510 3536 1559 3577 to
1578 3532 1859 3591 candidates,
1884 3534 1969 3580 but
1988 3532 2189 3578 without
2208 3545 2400 3579 success.
2469 3534 2617 3579 Seve—

1508 3616 1577 3663 ral
1590 3616 1831 3663 Catholics·
1836 3626 1955 3663 were
1970 3618 2237 3664 candidates
2246 3617 2298 3663 in
2312 3616 2613 3677 Connaught.

1518 3698 1677 3759 Carta,
1716 3716 1759 3761 p.
1777 3704 1896 3749 ⁴223.
1963 3700 2178 3762 0r‘rery's
2202 3702 2404 3761 Lettm,
2428 3702 2548 3765 May
2565 3704 2615 3762 83

1514 3788 1588 3844 15,
1617 3788 1757 3833 1669.

1576 3866 1601 3893 '¹
1622 3869 1826 3917 Ptimate
1852 3870 2084 3919 Lonibard
2120 3876 2265 3919 states
2296 3872 2404 3917 that
2432 3871 2635 3947 though¹

1512 3958 1708 4002 statutes
1750 3956 1844 4003 had
1892 3958 2008 4004 been
2045 3957 2211 4017 passed
2254 3956 2492 4015 requffing
2534 3956 2619 4002 the

1512 4040 1623 4087 cath
1657 4042 1709 4087 ot
1724 4056 1993 4103 supremacy
2014 4032 2133 4088 from
2156 4041 2221 4088 all
2242 4041 2401 4101 public
2424 4040 2617 4096 officere,
