2834 4467
317 217 444 281 218
1092 234 1508 283 camasnsrs
1537 234 1846 281 amasus.
2357 236 2508 303 [cu.
2535 238 2628 286 111.

315 388 573 447 irruisse.
616 390 705 447 Ea
723 389 879 447 enim
900 408 1015 447 non
1036 397 1127 455 est
1141 388 1580 465 aggressoribus
1599 363 1956 464 infrequens,
1979 387 2044 445 in
2063 388 2400 447 assultuum
2419 387 2630 456 initiis,

316 488 695 559 consuetudO,
727 507 859 564 quae
888 486 1105 545 Didoni
1129 486 1253 545 haec
1278 488 1460 547 verba
1491 486 1802 563 expressit,

904 646 937 672 “
956 646 1049 693 Res
1070 645 1198 703 dura,
1222 650 1268 692 et
1288 644 1476 692 novitas
1495 644 1628 706 regni
1649 658 1723 692 me
1743 644 1864 692 talia
1879 650 2053 705 cogunt

958 728 1201 780 Molirifflss'

317 858 433 917 Sed
472 854 635 933 quod
668 856 842 925 ardor
882 857 984 915 ille
1011 857 1330 915 simultatis
1362 856 1760 915 diuturnitate
1799 877 1914 916 non
1952 858 2294 935 intepuerit,
2336 878 2403 916 ac
2441 858 2632 917 defer-

314 956 532 1024 buerit,
574 964 635 1014 et
664 956 1045 1032 pertinaciam
1074 956 1262 1032 Angli
1296 956 1506 1015 tandiu
1541 975 1660 1013 non
1700 957 2007 1037 posuerint
2045 956 2408 1033 obstupesco.
2493 958 2631 1017 Non

318 1055 473 1113 enim
500 1053 868 1130 apudullam
894 1062 1029 1131 post
1053 1054 1317 1113 homines
1356 1063 1524 1113 natos
1550 1054 1863 1124 nationem,
1905 1054 2227 1112 inimicitiae
2255 1055 2317 1111 in
2344 1064 2467 1113 tam
2502 1055 2631 1113 lon-

317 1174 460 1231 gum
498 1162 729 1230 tempus
756 1152 893 1212 data
920 1154 1094 1231 opera
1119 1162 1433 1231 protractae
1459 1172 1722 1231 unquam
1762 1155 2024 1212 fuerunt.
2106 1155 2392 1213 Romanos
2417 1156 2493 1213 ab
2518 1155 2633 1213 hoc

319 1270 480 1311 more
504 1250 675 1329 longe
695 1254 905 1311 abiisse
923 1253 1290 1329 locupletum
1307 1254 1663 1329 scriptorum
1685 1252 2033 1311 testimoniis
2049 1261 2296 1311 constat.
2336 1253 2434 1310 Illi
2453 1254 2631 1323 enim,

319 1352 595 1427 pluribus
638 1352 815 1409 cultis
856 1360 917 1409 et
957 1352 1221 1409 barbaris
1261 1352 1539 1427 gentibus
1579 1370 1697 1408 suae
1733 1351 2013 1427 potestati
2053 1352 2354 1426 subjectis,
2399 1352 2631 1427 experi-

318 1457 516 1507 mento
529 1448 735 1506 'edocti
760 1430 765 1439 ¹
772 1449 1235 1525 praestantiorem
1258 1448 1622 1525 perficiendae
1663 1448 2140 1525 absolvendaeque
2177 1449 2633 1525 expugnationis

321 1549 605 1605 rationem
632 1554 1047 1622 cognoverunt.
1128 1548 1252 1604 Nec
1286 1554 1483 1619 tamen
1517 1566 1778 1622 unquam
1815 1546 2175 1604 dubitarunt
2215 1566 2348 1605 suas
2386 1548 2543 1623 leges
2570 1555 2632 1606 et

320 1646 599 1701 instituta
636 1664 771 1701 cum
818 1645 1051 1721 popu-lis
1090 1646 1470 1719 quantumvis
1514 1645 1777 1701 barbaris
1825 1653 1885 1702 et
1925 1645 2170 1703 incultis
2208 1664 2243 1701 a
2281 1664 2340 1702 se
2382 1644 2632 1702 devictis

319 1740 760 1810 communicare,
786 1760 949 1816 quoa,
970 1740 1078 1798 ubi
1097 1742 1207 1798 sub
1225 1742 1616 1798 Romanorum
1637 1749 1985 1818 potestatem
2005 1743 2182 1799 semel
2201 1751 2630 1812 concesserunt,

320 1859 355 1896 a
382 1860 488 1897 suo
514 1840 837 1916 patrocinio
875 1859 1181 1916 nunquam
1212 1841 1612 1898 excluserunt.
1693 1838 1824 1897 Imo
1861 1840 1934 1898 de
1960 1840 2000 1897 J
2001 1841 2126 1897 ulio
2155 1840 2380 1899 Caesare
2413 1860 2632 1900 memo-

321 1947 490 1995 ratur
516 1936 695 2014 quod,
726 1936 843 2014 qua
870 1939 1029 2007 vicit,
1059 1938 1245 1995 victos
1272 1939 1534 2015 protegit
1560 1938 1662 1997 ille
1685 1958 1880 1995 mann.
1941 1923 2117 1996 Alius
2142 1938 2284 1997 item
2311 1938 2632 2015 imperator

319 2037 414 2095 his
439 2037 635 2096 verbis
660 2038 1045 2115 compellatur
1058 2055 1078 2095 ι
1291 2042 1295 2049 ’

878 2194 1093 2243 “Fecisti
1115 2196 1315 2255 patrIam
1334 2195 1530 2244 diversis
1550 2196 1768 2256 gentibus
1790 2210 1944 2255 unam,

991 2280 1175 2327 Profuit
1194 2280 1357 2327 invitis
1376 2287 1426 2328 te
1446 2281 1712 2328 dominante
1732 2280 1850 2341 capi,

926 2365 1145 2427 Dumque
1164 2366 1300 2413 offers
1321 2365 1462 2412 victis
1482 2364 1654 2425 proprii
1676 2364 1903 2411 consortia
1927 2364 2047 2425 juris

994 2451 1172 2515 Urbem
1192 2451 1355 2510 fecisti,
1380 2440 1504 2513 quod
1527 2451 1655 2511 prius
1676 2450 1800 2498 orbis
1821 2447 1969 2497 erat.”

442 2595 604 2651 Dicit
624 2595 803 2652 etiam
824 2592 1067 2652 Seneca:
1099 2594 1307 2661 “Quid
1332 2593 1508 2672 hodie
1535 2601 1686 2652 esset
1711 2593 2043 2669 imperium,
2073 2592 2189 2650 nisi
2216 2592 2470 2651 salubris
2494 2613 2631 2670 pro·

325 2692 584 2750 videntia
608 2692 793 2749 victos
817 2690 1253 2767 permiscuisset
1270 2689 1639 2749 victoribus?
1694 2690 1977 2749 Conditor
1993 2698 2191 2749 noster
2209 2692 2496 2750 Romulus
2517 2692 2634 2769 (ait

323 2788 481 2865 apud
510 2789 783 2846 Tacitum
812 2788 1165 2865 Claudius⁶⁷)
1192 2788 1430 2846 tantum
1459 2786 1744 2865 sapientia
1770 2789 1980 2857 valuit,
2010 2797 2083 2846 ut
2107 2790 2417 2866 plerosque
2442 2810 2631 2867 popu·

320 2888 408 2945 los
428 2886 626 2945 eodem
654 2887 749 2944 die
773 2886 985 2956 hosteS,
1016 2886 1225 2945 deinde
1251 2887 1405 2945 cives
1430 2887 1805 2946 habueritoess'
1851 2888 2056 2945 Exitio
2077 2887 2540 2958 Lacedaemonii8‚
2571 2898 2634 2947 et

323 2984 807 3054 Atheniensibus,
838 2984 989 3042 nihil
1016 2984 1180 3042 aliud
1204 2985 1340 3056 fuit,
1371 2986 1552 3061 quam
1576 2984 1743 3061 quod
1759 2986 1946 3043 victos
1971 3005 2080 3061 pro
2105 2986 2446 3062 alienigenis
2471 3004 2631 3045 arce-

322 3086 482 3142 bant.
531 3085 738 3143 Livius
757 3103 883 3141 rem
905 3084 1221 3140 Romanam
1240 3092 1472 3141 auctam
1489 3084 1650 3153 dicit,
1672 3084 1944 3142 hostibus
1965 3085 2028 3141 in
2048 3084 2346 3141 civitatem
2363 3085 2631 3160 receptis.

322 3182 609 3258 Exempla
628 3189 834 3240 extant
854 3181 917 3238 in
942 3181 1206 3239 historiis
1227 3181 1598 3251 Sabinorum,
1620 3183 2010 3253 Albanorum,
2034 3182 2400 3249 Latinorum,
2423 3182 2633 3241 deinde

320 3279 571 3336 aliorum
608 3299 684 3337 ex
712 3280 903 3349 Italia,
939 3262 1120 3337 donec
1160 3277 1459 3356 postremo
1497 3280 1689 3337 Caesar
1717 3279 1914 3337 Gallos
1938 3280 2003 3337 in
2030 3279 2404 3357 triumphum
2431 3280 2629 3349 duxit,

322 3377 475 3435 idem
510 3377 575 3433 in
602 3377 844 3434 curiam.
929 3376 1171 3434 Cerialis
1207 3377 1269 3434 in
1296 3377 1558 3435 oratione
1583 3378 1657 3435 ad
1685 3376 1882 3435 Gallos
1910 3379 2068 3455 apud
2096 3378 2396 3436 Tacitum:
2449 3384 2487 3412 “
2507 3378 2632 3455 Ipsi

264 3458 269 3463 ⁸
323 3475 730 3554 plerumquess’
767 3475 981 3550 inquit,
1021 3475 1406 3552 “legionibus
1445 3476 1664 3534 nostris
1689 3476 2044 3552 praesidetis3
2084 3478 2200 3553 ipsi
2234 3478 2337 3535 has
2371 3477 2634 3553 aliasque

322 3574 649 3652 provincias
694 3573 937 3649 regitis;
981 3572 1132 3629 nihil
1172 3583 1504 3649 separatum
1549 3574 1945 3633 clausumve.”
2031 3576 2116 3633 Et
2149 3595 2290 3633 mox
2330 3582 2366 3609 “
2386 3576 2634 3651 proinde

322 3694 520 3750 pacem
548 3683 609 3731 et
634 3674 835 3743 vitam,
866 3692 1041 3747 quam
1076 3672 1221 3729 victi
1252 3673 1626 3748 ‚victoresque
1649 3672 1851 3732 eodem
1872 3675 2012 3750 jure
2039 3676 2390 3743 obtinemus,
2421 3684 2629 3746 amate,

322 3774 594 3830 colite⁵⁰.”
2155 3786 2160 3791 ·

759 3931 797 3962 ⁶⁶
819 3927 999 3986 AEneid‚
1023 3928 1053 3975 i.
1122 3930 1160 3962 ³⁷
1183 3928 1352 3976 Annal.
1378 3930 1409 3975 i.
1433 3934 1438 3939 '
1478 3932 1518 3964 ⁵8
1542 3930 1613 3976 De
1628 3929 1718 3977 Ira.
1785 3933 1825 3965 ³⁰
1843 3930 1984 3989 nist„
2001 3930 2082 3977 lib.
2106 3931 2170 3977 iv.
