2834 4467
341 195 476 259 324.
1113 208 1529 257 causamme
1557 206 1867 255 masos.
2406 210 2559 277 [cn.
2582 212 2653 260 v,

339 367 464 425 ullo
491 366 617 423 veri
653 364 856 423 falsive
882 364 1218 423 discrimine
1245 362 1550 433 effutiunt,
1592 383 1627 421 a
1652 364 1869 439 calamo
1896 382 2005 423 suo
2038 364 2101 421 in
2127 366 2345 442 vulgus
2378 384 2657 423 emanare

293 480 298 483 ·
339 465 652 541 permittit.
733 464 895 521 Dicit
929 464 1101 532 enim,
1136 469 1173 495 “
1192 472 1404 521 nautas
1432 464 1495 519 in
1522 461 1732 519 insulis
1753 449 2117 521 Connacticis
2143 464 2358 522 vidisse
2382 464 2655 521 homines

339 564 528 621 nudos
559 563 665 639 qui
691 582 808 619 non
837 563 1136 620 sciverunt
1162 561 1278 618 nisi
1303 580 1506 618 carnes
1532 568 1593 619 et
1619 562 1819 637 pisceS,
1848 562 2186 619 nescierunt
2210 562 2653 619 distinctionem

339 671 668 738 temporum
697 661 1146 736 quadragesimae
1172 660 1478 729 festorum,
1520 666 1627 717 aut
1651 658 1943 716 ferialium
1970 660 2201 718 dierum
2239 659 2653 726 hebdomadae3

338 761 443 835 qui
469 780 585 817 non
611 760 857 816 fuerunt
875 758 1212 826 Christiani,
1240 777 1350 815 nec
1373 757 1731 815 audiverunt
1758 777 2019 833 unquam
2047 758 2121 815 de
2141 758 2435 817 Christ0.”
2502 759 2653 814 Pos—

338 878 458 916 sem
481 858 810 915 insularum
836 857 1100 914 omnium
1128 858 1431 915 Hiberniae
1468 858 1859 933 adjacentium
1888 859 2122 916 nomina
2156 858 2342 928 edere,
2372 868 2433 916 et
2457 858 2653 935 digito

336 965 660 1013 monstrare
701 956 806 1029 qui
847 962 1082 1012 sanctus
1117 956 1298 1013 ferme
1343 956 1605 1031 singulas
1650 957 1980 1025 incoluerit,
2031 977 2219 1033 neque
2264 958 2419 1014 enim
2458 957 2655 1014 ullam

337 1072 538 1111 earum
579 1054 784 1123 incolis
813 1072 1057 1111 vacuam
1083 1053 1264 1111 fuisse
1289 1073 1511 1127 censeo,
1544 1060 1581 1087 “
1595 1054 1733 1113 cum
1758 1055 1925 1111 nulla
1949 1074 2211 1123 aeremus,
2238 1055 2443 1113 nullus
2476 1073 2657 1129 poene

339 1152 592 1227 angulus
632 1161 736 1208 aut
775 1152 1036 1209 locus-in
1077 1152 1288 1222 insula,
1333 1162 1453 1209 tam
1496 1162 1773 1221 remotus„
1810 1153 1914 1228 qui
1950 1153 2220 1228 perfectis
2247 1154 2547 1211 monachis
2586 1164 2653 1211 et

338 1251 701 1307 monialibus·
729 1270 846 1307 non
874 1250 1221 1326 repleretur.
1318 1251 1401 1307 Et
1440 1251 1691 1307 Sanctus
1725 1250 2017 1333 Patricius
2052 1251 2320 1307 ecclesias
2354 1259 2653 1311 trecentas

339 1320 644 1425 sei-{aginta
683 1350 945 1424 quinque
979 1348 1271 1418 fundavit,
1314 1368 1380 1405 ac
1420 1349 1675 1406 todidem
1716 1349 2011 1424 episcopos
2036 1349 2407 1407 ordinavit⁴.”
2488 1350 2656 1409 Vide

339 1448 711 1525 appendicem
739 1448 1018 1527 quintum
1041 1447 1284 1523 Oolgani
1309 1448 1377 1503 ad
1403 1449 1555 1503 Acta
1582 1446 1783 1503 Sancti
1809 1447 2070 1517 Patricii,
2099 1466 2218 1522 cap.
2248 1450 2324 1506 23
2351 1448 2413 1502 in
2442 1447 2649 1504 initio:

343 1554 380 1579 “
397 1548 600 1603 Sacras
639 1548 816 1603 etiam
855 1546 1021 1614 aedeS,
1065 1546 1224 1604 sedes
1261 1546 1629 1622 episcopales,
1658 1546 2023 1613 monasteria,
2066 1546 2273 1602 sacella
2311 1545 2649 1621 promiscue

337 1644 823 1712 connumerando,
853 1644 1130 1701 fundavit
1157 1644 1608 1720 septuaginta⁵.”
1656 1642 1717 1697 A
1734 1661 1989 1717 quorum
2005 1642 2379 1699 institutione
2403 1644 2651 1711 nullum

337 1740 508 1796 credo
533 1740 608 1796 ad
633 1748 857 1796 tantam
885 1741 1274 1815 ignorantiam
1291 1740 1611 1808 deflexisse,
1635 1748 1711 1795 ut
1730 1738 1961 1797 Christi
1986 1758 2196 1797 nomen
2222 1756 2296 1796 ne
2315 1740 2490 1797 fando
2510 1738 2647 1816 quiss

337 1836 470 1893 dom
500 1836 771 1893 audierit.
839 1838 889 1893 E
918 1837 1224 1894 nutricum
1245 1838 1399 1918 enim
1428 1847 1489 1894 et
1516 1856 1720 1899 senum
1741 1837 2312 1895 confabulationibus
2336 1858 2454 1895 non
2479 1850 2649 1915 pote-

337 1943 473 1993 rant
500 1955 615 1991 non
641 1935 880 1993 haurire
900 1936 994 1993 vel
1013 1954 1198 2011 pauca
1223 1954 1296 1993 ex
1323 1913 1413 2004 iis,
1440 1955 1569 2011 quae
1590 1936 1654 1991 in
1673 1936 1899 2003 insuliS,
1920 1954 2024 2012 per
2040 1944 2200 1993 retro
2219 1946 2347 1993 acta
2362 1946 2645 2013 tempora,

337 2037 712 2111 gerebantur.
793 2036 945 2092 Nam
971 2052 1100 2109 quae
1137 2054 1170 2091 a
1194 2035 1517 2109 majoribus
1544 2054 1707 2093 senes
1732 2042 2081 2111 acceperunt
2102 2035 2325 2093 crebris
2348 2046 2649 2113 usurpant

339 2136 720 2195 sermonibus
803 2172 806 2175 ·
1093 2202 1100 2209 ‘
2624 2130 2629 2135 ’

455 2234 545 2291 Ut
571 2254 688 2291 non
709 2234 978 2291 advocem
1005 2234 1069 2290 in
1096 2233 1489 2309 patrocinium
1516 2240 1775 2309 pastores
1795 2232 2121 2290 animarum
2149 2253 2266 2289 non
2284 2241 2404 2290 tam
2431 2233 2646 2309 supina

336 2332 516 2389 fuisse
559 2333 934 2409 negligentia,
973 2340 1047 2389 ut
1088 2340 1181 2389 tot
1214 2332 1542 2388 animarum
1584 2333 1831 2389 salutem
1871 2350 2087 2407 susque
2112 2332 2300 2406 deque
2336 2332 2641 2401 haberent,

335 2432 505 2507 gnari
527 2432 1055 2489 certissimumsibi
1075 2430 1463 2489 damnationis
1490 2430 1820 2506 periculum
1840 2442 2145 2498 accersere,
2172 2430 2222 2486 si
2232 2430 2645 2487 demandatam

335 2531 449 2587 sibi
491 2532 848 2607 provinciam
881 2538 1002 2587 tam
1043 2532 1300 2605 segniter
1325 2530 1573 2587 obirent.
1654 2530 1789 2586 Non
1830 2529 2041 2585 dubito
2078 2512 2228 2603 quin
2267 2529 2341 2585 ad
2380 2528 2647 2593 difficiles

336 2625 505 2687 aditu
526 2631 746 2687 insulas
773 2624 1099 2707 presbyter,
1123 2631 1290 2686 sta‘tis
1318 2630 1455 2686 anni
1476 2629 1839 2704 temporibus
1866 2648 1925 2685 se
1951 2620 2302 2696 contulerim
2322 2636 2383 2686 et
2396 2628 2647 2687 fortasse

341 2734 378 2761 ‘⁸
395 2728 646 2785 solstitio
685 2729 946 2795 aestivo‚”
993 2747 1112 2802 quo
1150 2726 1375 2784 Hector
1405 2716 1693 2785 Boethius
1734 2726 1806 2782 ad
1842 2726 2079 2783 Hirtam
2117 2726 2325 2783 Scotiae
2365 2725 2640 2794 insulam,

339 2834 380 2859 ‘⁶
397 2825 765 2884 Sacerdotem
811 2827 1170 2893 accessisse,”
1219 2825 1380 2893 dicit,
1435 2808 1475 2857 “‘
1494 2825 1747 2882 infantes
1784 2844 1851 2881 eo
1888 2842 2039 2880 anno
2080 2832 2246 2879 natos
2286 2824 2645 2898 baptismate

338 2941 499 2982 sacro
535 2924 886 2991 tincturum,
933 2924 1037 2997 qui
1065 2923 1292 2997 aliquot
1327 2922 1541 2980 exinde
1566 2922 1689 2979 dies
1720 2922 1803 2978 ibi
1830 2940 2148 2991 remanens,
2179 2940 2339 2978 sacra
2364 2920 2643 3000 adminis-

337 3032 473 3079 trat.
557 3022 790 3089 Quibus
816 3021 1083 3097 peractis,
1114 3040 1180 3079 ac
1207 3022 1455 3097 receptis
1483 3040 1559 3077 ex
1588 3020 1672 3089 ea,
1701 3020 1855 3077 bona
1881 3019 2011 3088 fide,
2040 3020 2304 3076 omnium
2343 3038 2546 3076 rerum
2572 3038 2647 3077 eo

336 3138 490 3178 anno
528 3130 802 3177 natarum
850 3118 1104 3187 decimi8‚
1157 3118 1228 3175 ad
1269 3137 1376 3175 sua
1415 3118 1819 3175 revertitur⁶.”
1898 3117 2189 3173 Praeterea
2230 3116 2567 3177 testimonio
2606 3136 2643 3174 a

658 3224 946 3322 *Jocelinua
967 3278 1066 3323 cap.
1096 3266 1204 3312 174.
1271 3266 1292 3297 ⁶
1315 3262 1436 3309 Ibid.
1501 3263 1522 3295 ⁶
1545 3230 1804 3321 Descriptio
1826 3259 2007 3319 Scotiae,
2032 3274 2077 3319 p.
2098 3262 2142 3317 8,
2166 3274 2213 3305 n.
2234 3222 2313 3308 70:

400 3395 424 3429 ¹³
446 3398 494 3444 It
517 3398 559 3443 is
593 3396 768 3443 certain
805 3397 922 3453 that,
961 3395 1079 3441 after
1100 3396 1178 3441 the
1211 3395 1351 3449 death
1388 3394 1442 3440 of
1533 3407 1651 3453 very
1673 3392 1875 3449 eminent
1908 3390 2031 3449 men,
2053 3392 2159 3439 who
2180 3391 2371 3439 labored
2398 3390 2641 3451 zealously

335 3482 557 3541 Malachy
597 3481 678 3539 IL,
724 3480 909 3527 Ireland
945 3493 1042 3525 was
1085 3492 1136 3524 so
1173 3478 1435 3538 dreadfully
1534 3484 1582 3524 to
1614 3482 1784 3525 restore
1824 3478 1903 3523 the
1934 3478 2117 3525 ancient
2154 3478 2279 3524 fame
2305 3478 2359 3523 of
2394 3477 2475 3523 the
2514 3476 2683 3523 Irish-

333 3558 551 3613 barassed
579 3568 645 3627 by
678 3568 757 3612 the
789 3566 955 3611 armies
987 3565 1039 3610 of
1066 3564 1225 3611 native
1255 3564 1435 3623 princes
1534 3563 1735 3611 Church.
2660 3578 2671 3587 ·

334 3634 614 3711 contending
650 3652 722 3696 for
759 3651 838 3695 the
873 3640 1080 3708 supreme
1116 3662 1282 3707 power,
1328 3648 1435 3693 that
1598 3654 1620 3679 ὓ
1642 3647 1846 3706 Stephen
1863 3646 2025 3693 white
2042 3647 2207 3706 adopts
2228 3646 2481 3693 adifferent
2502 3646 2640 3691 mode

333 3748 477 3795 many
499 3735 724 3781 disorders
755 3739 881 3781 must
908 3734 1030 3780 have
1061 3734 1334 3793 overspread
1354 3734 1435 3780 the
1533 3734 1586 3779 of
1613 3732 1818 3792 refuting
1854 3733 1949 3779 this
1984 3732 2107 3779 fable
2139 3732 2191 3777 of
2208 3718 2453 3779 Giraldus:
2490 3730 2639 3777 ιιῩοιι

333 3824 544 3878 country,
569 3818 986 3877 notwithstanding
999 3818 1080 3865 the
1091 3816 1347 3863 wonderful
1361 3817 1434 3863 la·
1533 3822 1765 3876 represent
1784 3816 1915 3862 those
1934 3814 2087 3862 naked
2119 3812 2384 3872 islanders‚”
2416 3814 2477 3859 h'e
2508 3826 2636 3873 aye,

333 3904 474 3949 bom-s
490 3902 646 3949 offis.
664 3902 898 3963 Machy,
919 3904 1164 3963 Lauren-ce,
1189 3904 1282 3961 and
1303 3902 1437 3963 other
1493 3956 1500 3963 ο
1538 3902 1569 3937 '2‘
1585 3912 1793 3947 asnever
1812 3900 1990 3959 having
2010 3899 2153 3945 heard
2172 3898 2227 3945 of
2234 3898 2366 3947 those
2381 3896 2645 3945 wonderful
