2834 4467
328 224 411 289 58
1071 243 1382 288 amsa-ona
1410 240 1871 307 namurcum.

324 414 557 453 morum
583 396 1035 470 magistratuum
1061 396 1310 453 nutibus
1337 404 1509 453 extra
1533 394 1782 453 dubium
1818 396 2089 455 seruiens.
2170 398 2222 453 E
2248 398 2629 473 gravissimis,

325 497 542 570 quibus
563 512 668 552 nos
693 496 1072 571 magistratus
1097 496 1378 571 opprimit
1403 496 1587 564 malis,
1606 496 1760 553 illud
1786 513 1903 553 non
1921 505 2281 572 postremum
2308 506 2413 566 est,
2436 496 2627 573 quod,

325 594 433 649 ubi
453 592 710 667 primum
725 594 928 669 gratias
954 593 1204 667 alicujus
1231 612 1264 649 a
1289 592 1485 651 vestra
1510 594 1815 667 majestate
1838 594 2006 651 nobis
2030 594 2427 669 impendendas
2446 595 2633 651 timor

326 700 552 749 mentes
579 710 781 749 eorum
807 692 1021 761 subiit3
1063 692 1238 761 illico,
1267 692 1362 750 vel
1397 692 1557 767 ipsiS‚
1587 694 1682 749 vel
1716 694 1981 769 ipsorum
2008 692 2323 751 emissariis
2358 693 2631 750 authori-

323 793 454 859 bus,
500 810 704 848 rumor
729 791 879 848 clam
905 791 1222 867 spargitur,
1265 790 1623 849 clandestina
1662 792 1962 849 molimina
2002 799 2207 849 contra
2234 792 2521 867 Rempub.
2550 788 2634 848 ab

326 888 610 947 Hibernis
633 889 917 949 adornari.
959 888 1164 965 anue
1189 888 1262 947 de
1287 884 1460 947 causa
1482 889 1787 947 confestim
1814 890 2093 947 satellites
2118 890 2182 946 in
2209 906 2411 947 corum
2426 890 2635 959 domos

325 1006 402 1043 ex
429 987 744 1062 impmviso
769 988 1131 1063 irrumpunt,
1160 986 1406 1062 angulos
1434 1004 1697 1061 quosque
1732 972 1978 1045 sollicite
2006 986 2317 1054 rimantur,
2348 995 2407 1043 et
2432 987 2635 1043 omnia

324 1084 530 1153 tela-in·
556 1084 864 1160 procinctu
905 1082 978 1141 ad
1013 1084 1307 1152 familiam,
1338 1102 1578 1159 remque
1604 1084 1944 1141 familiarem
1972 1103 2005 1139 a
2032 1084 2372 1159 praedonum
2396 1084 2633 1159 impetu

323 1181 601 1240 tuendam
627 1182 815 1258 posita
841 1188 1169 1256 exportant.
1227 1180 1374 1239 Inde
1396 1180 1702 1237 hominum
1727 1182 1911 1239 latera
1934 1180 2231 1238 latronum
2256 1181 2448 1247 ferroz
2476 1182 2633 1239 aedes

323 1280 668 1355 expilationi
695 1280 898 1340 furum
923 1279 1221 1337 indefensa
1245 1280 1465 1355 patenti
1547 1280 1783 1337 Marcus
1803 1280 2023 1337 Furius
2040 1280 2267 1337 Praetor
2292 1279 2633 1354 insontibus

307 1380 727 1449 ,Cenomannia
756 1380 822 1435 in
845 1398 991 1456 pace
1016 1380 1264 1455 speciem
1290 1380 1433 1436 belli
1458 1395 1739 1454 quaerens‚
1770 1378 2062 1437 ademerat
2088 1396 2263 1435 arma.
2345 1378 2413 1435 Id
2442 1380 2633 1437 Ceno-

325 1479 524 1535 manni
549 1478 854 1553 conquesti
881 1480 1077 1536 Romae
1111 1477 1269 1554 apud
1295 1477 1593 1545 Senatum,
1632 1476 1951 1552 rejectique
1986 1477 2060 1533 ad
2098 1477 2410 1535 Consulem
2436 1478 2645 1533 AEmi·'

323 1576 491 1643 lium,
519 1576 619 1633 cui
644 1584 716 1633 ut
741 1587 1110 1651 cognosceret
1135 1576 1537 1649 statueretque
1554 1576 1804 1633 Senatus
1830 1575 2189 1651 permiserat,
2206 1594 2417 1651 magno
2440 1584 2631 1633 certa-

325 1672 482 1729 mine
506 1690 641 1729 cum
669 1672 930 1729 Praetore
954 1671 1171 1738 habito,
1201 1680 1529 1729 tenuerunt
1554 1687 1821 1729 causam:
1863 1688 2023 1729 arma
2047 1654 2279 1730 reddita
2306 1672 2631 1730 Cenoman—

325 1770 436 1838 nis,
466 1769 739 1827 decedere
766 1768 1076 1827 Provincia
1098 1770 1325 1825 Praetor
1344 1768 1623 1843 jussus¹³⁴.
1705 1769 1864 1826 Hinc
1890 1788 1995 1827 nos
2020 1770 2085 1825 in
2118 1768 2359 1828 minime
2387 1770 2633 1827 dubiam
2696 1822 2706 1828 .

325 1858 486 1944 spem
511 1863 794 1937 venimus,
835 1868 992 1943 quod
1031 1868 1380 1945 beneficium
1422 1870 1645 1943 Pagani
1673 1870 1949 1926 “barbaris
1993 1870 2427 1944 impertierunt,
2476 1868 2633 1926 illud

246 2017 251 2024 .
325 1965 634 2023 fidissimos
659 1966 924 2023 subditos
951 1967 1026 2022 ab
1046 1966 1372 2040 aequissimo
1393 1966 1567 2040 Rege,
1587 1966 1879 2040 unicoque
1905 1981 2091 2023 causae
2118 1974 2331 2023 nostrae
2356 1967 2633 2041 perfugio

331 2063 621 2120 relaturos
644 2085 661 2132 ς
703 2081 875 2137 quem
905 2062 1077 2126 enixe
1119 2082 1408 2139 rogamus,
1458 2072 1545 2130 ut,
1590 2062 2077 2138 quemadmodum
2106 2064 2326 2121 Consul
2368 2084 2401 2119 a
2442 2065 2632 2121 Ceno·

331 2150 574 2229 mannis,
607 2162 692 2217 sic
713 2162 814 2218 isse
841 2180 875 2218 a
901 2162 1068 2218 nobis
1094 2161 1342 2235 injurias
1369 2170 1431 2219 et
1456 2178 1656 2219 earum
1683 2160 1956 2219 authores
1982 2169 2189 2219 arceat.

451 2256 724 2341 Aliarum
747 2258 1004 2334 -Europae
1040 2258 1310 2333 gentium
1349 2257 1597 2314 felicitas
1644 2258 1812 2314 nobis
1854 2256 2285 2315 aemulationem
2328 2276 2445 2315 non
2494 2259 2631 2315 raro

145 2360 304 2431 [xix]
331 2356 532 2421 movit,
559 2353 569 2434 1
593 2374 722 2431 quae
755 2363 792 2390 ‘⁶
811 2356 1029 2437 habent
1067 2362 1264 2431 paceni
1306 2374 1382 2413 ex
1428 2356 1587 2412 omni
1626 2363 1793 2431 parte
1832 2356 1897 2411 in
1942 2355 2201 2415 circuitu
2214 2356 2271 2423 ;’'
2314 2355 2399 2413 sic
2432 2354 2631 2413 metfis

323 2454 516 2511 omnis
555 2463 840 2531 expertes,
881 2454 1038 2511 sicut
1075 2460 1113 2485 “
1132 2452 1480 2510 habitabant
1516 2452 1675 2511 «Iuda
1700 2460 1762 2510 et
1790 2449 1970 2510 Israel
1997 2453 2217 2528 absque
2241 2453 2455 2511 timore
2482 2452 2626 2525 uno,

327 2551 734 2627 unusquisque
761 2554 873 2609 sub
899 2553 1022 2609 vite
1047 2551 1171 2619 sua,
1203 2559 1266 2607 et
1293 2552 1404 2607 sub
1431 2549 1549 2607 ficu
1578 2550 1685 2607 sua
1710 2568 1745 2606 a
1772 2550 1903 2607 Dan
1928 2565 2117 2625 usque
2145 2550 2415 2619 Bersabe,
2450 2567 2631 2607 cunc-

324 2650 405 2706 tis
431 2648 639 2707 diebus
668 2648 1102 2706 Salomonis¹³³.”
1162 2650 1307 2707 -Nos
1348 2646 1491 2705 vero
1530 2666 1565 2704 a
1590 2648 1888 2720 „Profectis
1927 2648 2161 2718 nostris,
2204 2649 2383 2707 etiam
2420 2648 2631 2707 Carolo

323 2745 482 2821 pacis
508 2746 900 2803 instauratore
925 2764 992 2803 ac
1025 2746 1269 2822 proinde
1312 2744 1619 2805 Salomone
1660 2755 1863 2805 nostro
1903 2747 2079 2823 Rege,
2118 2755 2179 2804 et
2213 2746 2530 2824 penatibus⁴
2566 2756 2631 2803 et

291 2864 296 2869 ·
324 2844 544 2900 finibus
569 2845 776 2919 patriis
811 2844 1204 2921 extrudimur.
1285 2845 1439 2902 Aliae
1478 2854 1681 2920 gentes
1720 2862 1920 2903 rerum
1960 2845 2224 2902 omnium
2264 2844 2632 2901 abundantia

325 2941 781 3015 circumfluunt:
823 2961 928 2999 nos
955 2961 1157 2999 earum
1183 2941 1383 3017 inopia
1425 2941 1901 2999 contabescimus.
1982 2940 2106 2998 1:11ae
2138 2960 2255 2998 non
2284 2940 2523 2999 tantum
2547 2942 2629 2999 ci-

243 3114 248 3122 1
325 3038 569 3095 vitatem
593 3057 711 3095 non
738 3026 1102 3105 ammittant,
1133 3037 1232 3093 sed
1259 3045 1319 3094 et
1345 3036 1593 3095 advenas
1618 3037 1681 3093 in
1709 3037 1861 3094 cives
1892 3056 2071 3095 novos
2110 3038 2437 3099 asciscunt:
2472 3038 2633 3114 apud

325 3156 429 3194 nos
456 3138 882 3213 ingenuitatem
907 3136 1202 3213 peregrini
1243 3146 1701 3211 consequuntur,
1738 3137 1893 3194 cives
1928 3137 1991 3193 in
2021 3138 2500 3213 peregrinitatem
2537 3156 2631 3213 re-

705 3296 761 3325 ¹³⁴
783 3295 884 3340 Liv.
909 3294 1094 3342 dec.,iv.
1112 3293 1195 3341 lib.
1217 3294 1287 3341 ix.
1311 3293 1450 3353 paulo
1472 3295 1576 3353 post
1596 3294 1795 3340 initium.
1866 3296 1924 3325 ¹³⁵
1946 3298 1977 3341 3
2002 3296 2115 3356 Reg.
2138 3297 2201 3342 iv.

392 3418 415 3444 ¹¹
441 3422 602 3469 Under
631 3422 711 3467 the
745 3421 1069 3478 Protectorate‚
1101 3419 1221 3466 Irish
1251 3420 1425 3467 Catho-
1525 3420 1701 3467 mation
1731 3434 1843 3482 may
1863 3421 1998 3479 issue,
2034 3422 2270 3481 requiring
2302 3420 2371 3489 all·
2385 3434 2502 3473 ¹men
2523 3422 2633 3468 who

326 3510 410 3555 lies
435 3521 552 3554 were
583 3506 854 3566 prohibite&
887 3506 1032 3551 under
1051 3505 1162 3565 pain
1193 3506 1244 3551 of
1269 3506 1423 3562 death,
1526 3518 1604 3551 are
1635 3510 1725 3551 not
1750 3506 1803 3551 of
1828 3506 1908 3552 the
1940 3506 2051 3553 civil
2082 3506 2167 3553 list
2196 3508 2250 3553 of
2274 3507 2355 3553 the
2378 3505 2545 3566 Army,
2584 3508 2641 3552 of

327 3600 375 3640 to
403 3594 524 3639 have
553 3604 677 3638 arms
709 3591 758 3637 in
789 3592 910 3637 their
938 3591 1102 3637 houses
1123 3604 1174 3636 or
1195 3590 1441 3655 promises..
1528 3588 1676 3647 Peers,
1700 3581 1806 3635 'who
1828 3590 1947 3635 have
1974 3594 2095 3635 scats
2116 3589 2165 3634 in
2189 3589 2485 3646 Parliam0nt,
2510 3603 2563 3634 or
2586 3590 2641 3635 of

327 3678 460 3737 They
475 3691 594 3723 were
615 3676 845 3722 disarmed
865 3676 931 3735 by
951 3674 1292 3734 proclamation,
1313 3673 1425 3723 Dec.
1526 3674 1607 3721 the
1642 3671 1843 3731 Militia„
1868 3666 1960 3720 and
1994 3675 2099 3721 who
2132 3675 2255 3720 have
2286 3674 2445 3720 horsea
2484 3674 2637 3719 above

332 3761 706 3818 1661‚-C'arte,
727 3774 770 3818 p.
789 3759 884 3806 238
903 3758 1038 3816 rand,
1055 3757 1205 3817 again,
1226 3757 1274 3802 in
1288 3758 1429 3813 1663,
1529 3758 1729 3803 thirteen
1759 3757 1909 3803 hands
1936 3757 2068 3817 high,
2106 3771 2157 3803 or
2178 3770 2273 3815 any
2299 3757 2546 3812 fise-arms,
2582 3761 2635 3801 to

328 3846 520 3901 -Cox,
537 3845 628 3892 vol.
641 3844 687 3890 ii.
708 3859 752 3904 p.
769 3846 797 3891 6
815 3860 826 3901 ;
854 3858 926 3891 see
941 3858 985 3902 p.
1003 3844 1080 3900 46,
1098 3845 1256 3902 supra,
1273 3858 1318 3886 n.
1361 3842 1388 3867 ‘⁴
1410 3842 1435 3887 I
1530 3840 1667 3899 bring
1689 3840 1814 3885 them
1836 3840 1885 3886 in
1912 3840 1979 3899 by
2000 3853 2031 3886 a
2050 3840 2223 3885 certain
2252 3840 2347 3899 day
2367 3844 2417 3885 to
2438 3852 2467 3884 a
2501 3836 2635 3898 place

331 3929 526 3991 humbly
542 3929 652 3977 offer
677 3934 726 3975 to
751 3942 870 3988 your
893 3927 1050 3984 Graes,
1077 3928 1181 3974 that
1205 3940 1234 3973 a
1255 3926 1432 3985 procla-
1530 3926 1623 3971 and
1654 3938 1814 3985 person
1848 3924 2105 3983 appointed,
2131 3924 2277 3969 under
2309 3938 2338 3969 a
2364 3933 2519 3969 severe
2548 3936 2634 3981 pe-
