2834 4467
349 228 429 291 12
809 280 814 285 .
940 264 948 270 -
1067 246 1378 292 Errsrom
1408 246 1873 294 nssnrciroau.

345 398 671 457 constituit.
755 400 944 474 Cujus
985 418 1212 474 poenam
1249 399 1573 457 imitatores
1612 400 1741 475 ejus
1781 400 2086 477 promeriti
2125 400 2234 460 tua
2272 402 2656 461 miseratione

343 499 755 574 impunitatem
783 479 980 574 adepti
1005 506 1164 556 sunt.
1246 500 1368 574 Ipsi
1395 506 1589 556 tamen
1636 518 1833 557 omnes
1874 518 2082 557 nervos
2122 500 2463 570 intendunt,
2506 510 2583 557 ut
2622 520 2656 557 e

343 596 758 671 perduellionis
783 597 915 654 luto
941 616 1043 654 nos
1085 615 1204 653 non
1244 615 1623 672 emergamuS,
1666 596 1951 655 desiderio
1990 597 2271 655 nimirum
2312 607 2651 667 aestuanteS,

343 706 417 751 ut
443 712 548 752 nos
565 694 776 770 patria,
799 694 1070 763 fortunis,
1093 702 1156 751 et
1179 694 1304 760 vita
1332 694 1689 765 excidamuS,
1718 694 2162 753 similitudinem
2191 695 2384 769 inhoc
2412 696 2453 753 J
2456 696 2653 753 udaeo-

344 810 480 851 rum
505 794 820 851 referentes
846 793 1201 870 importunis
1227 778 1579 852 clamoribus
1606 794 1861 853 exitium
1902 796 2175 853 salvatori
2203 805 2406 854 nostro
2432 796 2653 873 efflagi-

343 891 619 961 tantium,
649 899 710 949 et
736 892 1128 951 execrandum
1166 892 1329 949 istud
1381 897 1418 924 “
1436 892 1730 967 crucifige,
1772 892 2088 969 crucifige”
2132 891 2363 952 assidue
2404 894 2655 969 ingemi·
2739 968 2745 975 .

255 997 261 1003 '
343 990 670 1047 nantium³⁸.
712 990 920 1049 Nonne
947 990 1210 1047 Pilatum
1229 998 1363 1065 aget
1381 990 1487 1066 qui
1507 990 1870 1064 adjudicabit
1887 991 2375 1067 fieri‘petitionem
2400 1010 2607 1049 eorum
2622 990 2652 1048 ἰ’

343 1087 479 1144 Aut
507 1086 661 1144 sicut
701 1086 791 1143 illi
829 1088 871 1145 J
873 1106 1038 1145 esum
1079 1088 1120 1145 J
1123 1088 1443 1156 udaeorum,
1488 1088 1571 1145 sic
1616 1106 1721 1144 nos
1768 1086 2028 1145 hostium
2074 1089 2370 1146 voluntati
2414 1088 2653 1147 tradet?

344 1184 570 1243 Herodi
598 1186 812 1261 probro
839 1186 1028 1256 cessit,
1059 1184 1224 1262 quod
1265 1192 1305 1218 “
1323 1185 1528 1243 videns
1555 1184 1977 1261 quia'placeret
2002 1186 2044 1243 J
2045 1178 2245 1256 udaeis,
2274 1188 2554 1264 apposuit
2579 1197 2654 1245 ut

342 1284 804 1362 apprehenderet
829 1293 891 1343 et
906 1285 1252 1343 Petrum³².”
1333 1274 1795 1341 Acclamationes
1814 1284 2025 1363 populi·
2039 1272 2292 1360 petentis
2319 1306 2518 1344 necem
2546 1286 2653 1343 ali-

343 1381 518 1455 cujus
542 1382 860 1440 audiendas
899 1401 1038 1451 esse,
1083 1381 1240 1457 leges
1258 1385 1515 1438 vetant³³.
1596 1380 1860 1439 Vocibus
1900 1380 2055 1439 enim
2090 1400 2293 1439 eorum
2330 1383 2494 1440 credi
2530 1403 2652 1440 non

344 1487 594 1555 oportet,
627 1480 860 1556 quando
885 1478 990 1537 aut
1015 1479 1263 1537 noxium
1289 1478 1533 1535 crimine
1558 1478 1797 1547 absolvi,
1836 1486 1944 1536 aut
1976 1478 2341 1536 innocentem
2380 1479 2651 1537 condem-

225 1580 322 1645 [v.]
345 1578 474 1635 nari
489 1584 796 1654 expetunt.
877 1579 949 1634 In
989 1575 998 1655 Ι
1031 1596 1204 1652 quam
1229 1576 1321 1633 illi
1345 1577 1533 1651 legem
1560 1576 1948 1653 impingentes
1985 1577 2330 1636 Maximiani
2358 1578 2649 1647 Herculii,

345 1675 753 1734 crudelitatem
797 1675 1096 1733 imbibisse
1137 1674 1365 1731 dicendi
1393 1681 1563 1745 sunt;
1605 1675 1725 1751 qui,
1756 1675 1915 1750 quod
1952 1676 2015 1732 in
2052 1676 2239 1733 Ludis
2275 1676 2653 1733 Circensibus

343 1772 652 1831 duodecies
671 1773 1052 1830 acclamatum
1072 1780 1220 1830 esset
1240 1791 1274 1829 a
1293 1772 1511 1847 populo
1536 1779 1609 1829 ut
1632 1771 1954 1830 Christiani
1980 1773 2343 1841 tollerentur,
2374 1781 2434 1831 et
2460 1774 2653 1831 decies

345 1878 418 1926 ut
441 1868 760 1927 Christiani
781 1888 901 1927 non
921 1850 1056 1938 sint,
1081 1877 1214 1945 post
1231 1864 1848 1926 Senatus-consultum
1864 1868 1937 1925 ad
1954 1869 2315 1926 Christianos
2328 1870 2655 1945 perdendos

345 1967 744 2043 impetratum,
775 1968 1006 2025 decreto
1033 1966 1238 2036 edixit,
1267 1974 1342 2024 ut
1362 1965 1682 2025 Christiani
1707 1967 1803 2025 vel
1829 1967 1942 2025 diis
1968 1968 2141 2026 litare
2167 1978 2535 2044 cogerentur,
2558 1970 2654 2027 vel

347 2065 534 2140 poenis
579 2064 1030 2139 subjicerentur,
1075 2071 1136 2121 et
1169 2082 1373 2121 eorum
1401 2064 1709 2121 facultates
1734 2063 1874 2121 fisco
1899 2064 2396 2141 vindicarenturu.
2481 2067 2655 2123 Sicut

350 2177 486 2218 cum
514 2161 734 2219 Scribae
776 2169 838 2219 et
874 2159 1152 2219 Pharisaei
1200 2160 1445 2217 violatas
1489 2160 1833 2219 traditiones
1877 2161 2181 2238 Apostolis
2222 2163 2649 2239 exprobarunt,

347 2264 560 2317 nostras
588 2258 795 2325 salutis
823 2268 1073 2317 assertor
1099 2277 1217 2315 non
1245 2256 1318 2315 ad
1336 2257 1671 2333 purgandos
1692 2256 2024 2334 Apostolos,
2054 2260 2153 2317 sed
2180 2260 2255 2317 ad
2279 2260 2434 2319 idem
2461 2263 2655 2320 scelus

345 2356 412 2412 in
452 2356 850 2413 criminatores
890 2354 1353 2430 retorquendum
1391 2354 1713 2411 orationem
1752 2356 2111 2427 convertit³⁵3
2168 2358 2249 2414 sic
2291 2376 2414 2433 eg0,
2462 2360 2653 2417 rebel-

349 2454 522 2511 lionis
544 2455 767 2531 flagitio
793 2474 826 2513 a
853 2454 1069 2512 nostris
1091 2456 1216 2529 jam
1241 2451 1390 2529 'ante
1432 2452 1698 2511 remoto³⁶
1726 2454 2059 2512 Comitiales
2086 2463 2411 2530 percontor,
2440 2474 2552 2513 cur
2589 2458 2655 2513 in

261 2582 268 2587 ·
347 2552 765 2628 perduellionis
791 2553 1066 2627 'stigmate
1102 2561 1304 2609 nostro
1342 2552 1567 2608 nomini
1608 2559 1727 2608 tam
1767 2550 1886 2611 alte
1925 2552 2310 2628 imprimendo
2350 2562 2657 2630 tantopere

349 2649 653 2718 desudent,
682 2656 754 2705 ut
780 2648 932 2705 illud
957 2648 1124 2705 nulla
1151 2648 1392 2723 spongia
1419 2648 1617 2715 deleri,
1646 2648 1827 2705 nullis
1854 2650 2037 2723 poenis
2062 2649 2288 2725 expiari
2313 2668 2479 2724 posse
2506 2652 2657 2721 acri--

351 2754 444 2803 ter
479 2753 783 2821 expetant,
827 2742 964 2802 cfim
1003 2742 1176 2819 longe
1205 2742 1649 2801 truculentioris
1675 2745 2007 2802 rebellionis
2032 2746 2269 2803 infamia
2295 2746 2438 2822 ipsis
2462 2747 2654 2807 inhae-

349 2850 476 2899 reat
489 2840 518 2899 ἲ
601 2840 752 2899 Sane
783 2842 1022 2899 Clodius
1049 2846 1279 2897 accusat
1305 2838 1573 2907 moechos,
1605 2842 1871 2897 Catalina
1901 2842 2241 2917 Cethegum.

470 2938 530 2997 N
531 2959 624 2997 am
649 2939 808 3015 apud
832 2959 937 2997 nos
963 2938 1226 3014 quaedam
1268 2938 1506 2996 tantum
1542 2939 1818 2998 colluvies
1854 2949 1914 2997 et
1953 2940 2179 2998 sentina
2212 2940 2537 3012 hominum,
2560 2946 2658 3001 vel

351 3036 592 3096 fortuna
619 3038 966 3095 miserorum
999 3036 1096 3093 vel
1133 3034 1441 3093 voluntate
1461 3031 1863 3110 perditorum,
1907 3037 2141 3094 brevem
2182 3038 2462 3097 insanivit
2500 3040 2655 3097 insa-

349 3136 525 3213 niam.
610 3136 723 3193 Sed
763 3135 836 3192 ad
877 3135 1184 3192 sanitatem
1231 3134 1324 3190 vel
1371 3140 1623 3189 attracta
1668 3134 2049 3203 suasionibus,
2098 3136 2191 3193 vel
2228 3138 2655 3213 suppliciorum

351 3241 517 3291 metu
533 3233 848 3309 perterrita
864 3250 1005 3289 mox
1031 3230 1223 3299 rediit,
1242 3229 1516 3287 tumultu
1540 3229 1700 3287 intra
1727 3228 2023 3287 seditionis
2049 3232 2434 3291 conditionem
2461 3234 2656 3291 adhuc

417 3418 455 3447 ³¹
476 3418 586 3464 Luc.
606 3416 745 3463 xxiii.
811 3416 854 3445 ³2
867 3415 978 3461 Act.
994 3415 1079 3459 xii.
1145 3414 1186 3443 ³³
1204 3416 1245 3461 l.
1265 3413 1561 3461 decurionum
1574 3428 1613 3460 c.
1632 3414 1689 3459 de
1704 3413 1865 3473 poenis.
1930 3414 1971 3444 ³⁴
1986 3414 2109 3474 Epit.
2128 3415 2297 3463 Baron.
2316 3430 2391 3462 an.
2411 3419 2522 3475 301,
2542 3432 2590 3464 n.
2607 3420 2653 3466 3.

350 3483 392 3512 ³⁵
409 3482 528 3529 Mat.
551 3494 635 3528 xv.
701 3476 744 3509 ³⁵
758 3476 901 3537 Infra,
927 3494 972 3539 p.
998 3481 1108 3526 260.

420 3628 444 3661 ¹¹
466 3630 564 3676 The
606 3627 936 3688 proclamation
975 3628 1026 3673 of
1057 3628 1180 3674 June
1223 3630 1278 3683 l‚·
1306 3629 1449 3685 1660,
1554 3626 1752 3687 English
1774 3627 2040 3673 Protcstant
2072 3618 2272 3688 subjecte
2294 3629 2512 3689 formerly
2535 3631 2656 3677 slain

353 3715 582 3763 mentions
605 3716 684 3760 the
706 3718 812 3759 vast
831 3727 1032 3772 expense
1047 3714 1116 3761 for
1137 3713 1216 3757 the
1237 3725 1451 3769 suppres-
1552 3713 1617 3772 by
1643 3713 1772 3758 those
1805 3713 2055 3758 barbarous
2087 3713 2251 3761 rebels.
2321 3714 2503 3774 Agents
2536 3730 2656 3762 were

345 3802 454 3847 'sion
475 3799 527 3845 of
545 3800 624 3844 the
661 3798 817 3844 horrid
852 3798 1066 3844 rebellion
1097 3797 1148 3841 of
1177 3798 1316 3852 1641,
1359 3798 1452 3841 and
1550 3794 1793 3853 employed
1814 3795 1879 3853 by
1901 3794 1980 3840 the
2017 3808 2119 3841 new
2157 3797 2432 3855 proprietors
2470 3797 2522 3843 in
2559 3798 2653 3844 Ire—

354 3884 434 3938 the
454 3882 670 3928 innocent
707 3881 842 3927 blood
875 3882 926 3927 of
956 3895 1006 3927 so
1039 3893 1181 3939 many
1220 3879 1451 3924 thousand
1550 3876 1675 3935 land,
1701 3881 1749 3923 to
1769 3876 1992 3923 influence
2024 3878 2103 3923 the
2137 3879 2333 3939 English
2366 3880 2655 3929 Parliamcnt
