2834 4467
191 1088 315 1129 Ena.

192 1782 315 1823 EIB.

195 2159 231 2199 E
238 2160 315 2200 112.

194 2568 316 2609 1:113.

328 206 455 273 438
1105 226 1516 273 oAnnnnnsm
1545 227 1856 274 suasus.
2326 232 2478 299 [cn.
2501 235 2648 283 vm.

330 382 427 451 tis,
458 380 740 440 Euarcbis
764 382 919 440 enim
948 390 1037 440 est
1064 381 1256 440 corbis
1284 400 1385 440 seu
1412 389 1600 439 crates
1626 382 1822 439 minus
1849 380 2010 440 arcte
2049 390 2383 441 contextus.
2491 386 2656 444 Nam

317 479 680 549 Eochodius,
710 481 963 550 biennio,
1009 480 1317 538 Hiberniae
1356 498 1589 537 accessu
1629 480 1970 557 prohibitus
2009 481 2276 558 piratum
2308 482 2484 560 regit,
2527 504 2656 560 quo

330 589 607 656 tempore,
639 581 931 638 lenti-ibus
954 580 1021 637 eb.
1037 578 1155 655 quss„
1174 579 1301 635 dixi
1317 580 1546 637 ratione
1571 580 1866 649 confectis,
1889 582 2166 657 aepibatas
2189 602 2324 641 suos
2351 582 2415 640 in
2441 583 2658 641 littore

331 678 627 753 expositos
642 678 829 753 jussit
848 678 1070 754 praedas
1097 697 1131 733 a
1146 676 1419 733 littorum
1437 677 1646 735 accolis
1665 678 1948 736 abductas
1965 679 2030 734 in
2049 678 2402 755 pharaonem
2421 681 2654 757 impor-

332 775 475 831 tari:
518 774 615 832 hic
654 775 1061 832 duodecimum
1094 774 1264 849 regni
1304 794 1526 832 annum
1567 794 1742 850 agens
1780 776 1855 832 ad
1881 776 2020 833 vitae
2051 796 2118 833 ac
2153 778 2388 853 imperii
2412 780 2656 837 exitum

306 908 313 915 ·
332 876 617 951 pervenit,
646 878 721 933 ab
738 875 1034 934 Eochodio
1055 875 1422 944 Fiadmunio,
1453 884 1514 933 et
1532 876 1726 933 Conan
1731 894 1806 952 go
1827 876 2155 953 Begaglach
2173 875 2416 935 occisus.
2467 878 2658 935 Anno

334 973 548 1030 Mundi
575 973 751 1033 4356.

455 1073 787 1131 Eochodius
815 1073 1243 1132 Fiadhmunius
1272 1084 1333 1132 et
1362 1076 1482 1133 Con
1490 1092 1676 1149 angus
1705 1073 2032 1149 Bega-glach
2053 1074 2267 1132 fratres
2293 1074 2425 1151 pari
2452 1083 2654 1151 potes-

334 1179 458 1229 tate
496 1171 899 1247 quinquennio
926 1172 1288 1248 regnarunt3
1316 1172 1427 1229 hoc
1455 1171 1952 1248 septentrionales,
1982 1172 2090 1229 illo
2113 1152 2400 1230 austrdles
2427 1173 2656 1231 Hiber·

334 1269 451 1327 niae
478 1268 743 1345 regiones
768 1268 1121 1327 moderante.
1202 1269 1536 1327 Eochodius
1563 1269 1822 1327 assuevit
1847 1270 1912 1325 in
1939 1268 2103 1327 silvis
2137 1288 2448 1330 cervorum
2475 1290 2656 1329 vena-

334 1368 482 1425 tioni
508 1368 771 1427 multum
798 1368 1121 1445 indulgere,
1154 1388 1284 1445 quae
1307 1388 1397 1426 res
1425 1369 1519 1426 illi
1547 1377 2002 1444 cognomentum
2029 1370 2273 1445 peperit.
2347 1375 2385 1405 “
2405 1369 2656 1427 Fiadh”

334 1466 617 1523 nimirum
649 1468 997 1537 “cervum‚”
1026 1476 1087 1525 et
1110 1474 1147 1500 ‘⁶
1166 1468 1426 1524 muinn¹²'
1459 1473 1496 1499 “
1515 1467 1781 1535 silvam,”
1809 1467 2287 1543 interpretamur.
2341 1468 2657 1545 Lugadius

334 1564 742 1643 Lamhdhearg
768 1568 939 1624 illum
968 1568 1282 1625 interemit.
1348 1568 1626 1642 Conango
1652 1586 1719 1625 ea
1744 1566 1836 1624 vis
1863 1567 2032 1624 illata
2057 1576 2164 1637 est,
2191 1575 2268 1625 ut
2291 1568 2570 1626 abdicare
2597 1588 2658 1627 se

335 1682 517 1739 regno
550 1674 785 1721 coactus
812 1664 1011 1723 fuerit.
1092 1666 1272 1721 Anno
1298 1664 1515 1721 Mundi
1540 1662 1716 1723 4361.

403 1788 416 1798 κ
455 1762 755 1837 Lugadius
786 1762 1207 1837 Lamhdhearg,
1254 1762 1316 1820 id
1359 1772 1449 1821 est
1475 1781 1714 1821 manum
1740 1764 1984 1821 rubram
2009 1760 2246 1833 habens,
2276 1762 2435 1839 quod
2463 1764 2658 1821 rubi-{i

336 1857 565 1915 maculzi
592 1877 798 1915 manus
827 1859 957 1933 ejus
985 1859 1172 1915 tincta
1198 1858 1333 1916 fuit.
1416 1860 1574 1917 Eum
1603 1868 1938 1935 septennem
1960 1860 2086 1934 jam
2111 1878 2306 1935 regem
2335 1860 2658 1935 Conangus

337 1955 662 2032 Begaglach
684 1956 827 2025 vita,
850 1976 1149 2033 regnoque
1164 1958 1399 2015 orbavit
1416 1957 1622 2015 fratris
1637 1958 1874 2044 caedem,
1894 1966 1955 2015 et
1973 1966 2242 2034 ereptum
2265 1958 2378 2015 sibi
2393 1966 2656 2034 regnum

338 2055 639 2114 cumulate
666 2056 851 2113 ultus.
933 2056 1113 2114 Anno
1140 2057 1355 2114 Mundi
1380 2056 1558 2117 4368.

462 2155 773 2231 Conangus
801 2156 1144 2232 Begaglach,
1174 2156 1237 2213 id
1264 2166 1353 2214 est
1378 2158 1832 2234 imperterritus,
1873 2158 1957 2214 sic
1984 2157 2196 2226 dictuS,
2239 2154 2404 2233 qued
2427 2176 2506 2215 ne
2541 2158 2658 2214 mi-

339 2254 499 2312 nimo
524 2274 788 2330 unquam
814 2275 1042 2332 pavore,
1086 2257 1147 2313 in
1175 2256 1442 2331 quamvis
1483 2256 1668 2314 atroci
1703 2256 1902 2333 pugna
1928 2254 2174 2313 affectus
2201 2256 2402 2324 fuerit,
2441 2257 2660 2332 postli-

339 2354 519 2411 minio
546 2372 795 2429 regnum
822 2349 977 2421 iniit,
1006 2361 1068 2411 et
1094 2372 1275 2411 annos
1302 2353 1365 2411 in
1392 2370 1460 2410 eo
1474 2354 1690 2428 viginti
1717 2352 2020 2428 transegit,
2051 2352 2188 2411 cum
2207 2352 2362 2410 illud
2385 2362 2448 2411 et
2461 2354 2658 2411 vitam

338 2454 393 2512 ei
422 2454 712 2510 Airturus
740 2452 1007 2528 eriperet.
1089 2454 1267 2509 Anno
1294 2450 1510 2509 Mundi
1536 2454 1712 2510 4388.

458 2552 748 2608 Airturus
777 2550 1028 2627 Lugadii
1055 2548 1486 2625 Lamhdheargi
1511 2549 1688 2618 filius,
1731 2566 1977 2625 regnum
2021 2549 2342 2625 capessivit,
2375 2548 2536 2623 quod
2563 2550 2662 2606 illi

339 2669 443 2708 sex
470 2668 649 2706 annos
674 2650 967 2707 incolume
993 2649 1272 2725 perstitit,
1304 2658 1440 2725 post
1480 2668 1624 2724 quos
1651 2650 1888 2727 elapsos,
1919 2651 2092 2708 illum
2121 2669 2153 2707 e
2177 2649 2512 2707 viventium
2539 2668 2659 2707 nu-

337 2768 497 2806 mero
526 2746 777 2805 Fiachus
808 2746 1113 2824 Tolgrach,
1156 2756 1217 2805 et
1252 2747 1458 2805 Fiachi
1483 2748 1643 2805 filius
1671 2749 1952 2807 Duachus
1981 2746 2275 2825 Ladghair
2301 2748 2660 2806 exturbavit

246 2862 251 2867 ·
338 2847 518 2905 Anno
546 2846 758 2903 Mundi
785 2850 957 2909 4394.

198 2946 318 2987 Em.

456 2945 739 3003 Fiachum
769 2945 1059 3021 Tolgrach
1098 2944 1263 3021 regiz‘i
1288 2946 1580 3022 dignitate
1607 2947 1810 3005 decem·
1843 2966 2021 3003 annos
2048 2946 2401 3022 insignitum
2431 2946 2662 3007 Olfflus

341 3044 469 3113 Fin,
500 3043 563 3101 id
588 3053 680 3102 est
709 3042 1023 3112 CandiduS,
1062 3052 1253 3101 morte
1278 3044 1576 3109 multavit.
1655 3046 1836 3101 Anno
1863 3043 2078 3100 Mundi
2103 3046 2280 3103 4404.

339 3230 550 3277 different
571 3235 689 3277 soi-ts
709 3231 761 3277 of
786 3230 921 3277 boats
953 3231 1047 3276 and
1078 3229 1207 3289 ships
1236 3230 1345 3276 used
1376 3230 1444 3290 by
1544 3242 1746 3289 persons,
1771 3230 1832 3276 he
1845 3244 1967 3289 says,
1993 3232 2026 3257 “
2039 3229 2214 3276 Fiacho
2233 3228 2464 3289 Tolgrach
2487 3231 2660 3277 decen-

339 3318 420 3364 the
450 3316 635 3363 ancient
658 3315 794 3375 Irish,
832 3314 978 3378 insu),
1003 3329 1048 3373 p.
1079 3317 1185 3373 114,
1210 3319 1260 3362 to
1290 3316 1447 3361 which
1545 3313 1676 3361 nium
1719 3314 1934 3373 regnanti
1975 3314 2220 3359 concedere
2259 3327 2354 3359 non
2397 3314 2622 3361 dubitant
2645 3333 2658 3373 ς

340 3418 411 3451 we
453 3404 571 3450 refer
610 3403 691 3450 the
720 3403 892 3449 render.
962 3400 1183 3449 Giraldus
1220 3412 1331 3460 says
1367 3400 1450 3446 the
1547 3410 1685 3458 quem
1707 3412 1768 3443 ex
1791 3410 1954 3456 regum
1975 3394 2082 3443 albo
2103 3401 2254 3443 status
2265 3397 2367 3456 jam
2387 3396 2662 3456 numerus,”

339 3491 475 3537 boats
495 3489 549 3535 of
562 3490 643 3535 the
659 3486 823 3535 Welsh
843 3486 893 3532 in
908 3484 1091 3544 hisday
1106 3498 1227 3530 were
1248 3498 1299 3531 so
1320 3484 1443 3542 frail,
1548 3482 1606 3546 [i.
1627 3496 1666 3528 e.
1686 3478 1806 3543 136]
1843 3483 2031 3543 “juxta
2051 3482 2222 3528 veteris
2249 3496 2305 3528 ac
2325 3482 2527 3529 recentis
2557 3496 2662 3529 me·

340 3574 445 3621 that
480 3586 509 3618 a
544 3571 724 3617 salmon
760 3570 897 3616 could
930 3574 1066 3628 upset
1098 3569 1227 3615 them
1260 3568 1376 3614 with
1418 3582 1450 3613 a
1546 3568 1704 3615 morioe
1725 3569 1968 3628 scriptores
1989 3569 2178 3615 omnino
2197 3566 2455 3614 excludit.”
2531 3568 2662 3615 Hem

341 3660 465 3707 blow
486 3659 538 3705 of
553 3659 614 3705 its
631 3656 1057 3715 tail.-Descripto
1093 3654 1283 3713 Wallioe,
1310 3666 1349 3700 c.
1370 3654 1447 3701 17.
1548 3668 1619 3701 we
1653 3668 1767 3714 may
1787 3653 1938 3701 notice
1976 3667 2006 3699 a
2040 3657 2228 3712 strange
2257 3652 2460 3698 mistake
2487 3653 2548 3699 of
2573 3654 2660 3699 Dr.

410 3750 429 3784 r
452 3744 569 3789 This
603 3756 713 3788 man
750 3741 793 3787 is
826 3741 1023 3799 deposed
1054 3742 1121 3801 by
1152 3738 1447 3799 O’Flaherty‚
1551 3738 1777 3799 O'Conor‚
1810 3740 1911 3786 into
1941 3738 2094 3785 which
2126 3739 2187 3785 he
2207 3751 2304 3785 was
2335 3738 2562 3797 betrayed
2591 3740 2660 3797 by

349 3829 541 3887 Oyyyia,
566 3842 612 3887 p.
640 3824 744 3889 [9],
770 3820 978 3884 bachum,
1004 3826 1046 3872 if
1072 3824 1448 3884 acknowledged,
1549 3825 1626 3871 his
1645 3838 1758 3885 very
1779 3824 2049 3871 reasonable
2079 3824 2227 3870 desire
2257 3828 2308 3869 to
2335 3823 2506 3869 reduce
2535 3822 2660 3869 Irish

345 3912 473 3955 there
493 3910 648 3956 would
670 3912 727 3956 be
752 3913 844 3957 137
868 3911 1033 3969 Pagan
1061 3910 1216 3970 king-s.
1284 3908 1330 3956 A
1363 3910 1452 3956 few
1551 3909 1832 3969 chronology
1853 3914 1905 3955 to
1939 3909 2178 3955 moderate
2209 3901 2506 3954 dimensionis.
2574 3906 2660 3953 An
