2834 4467
296 198 442 267 296.
1072 214 1481 263 cAunnnusm
1512 214 1823 261 nvnasus.
2342 215 2503 281 [cu.
2528 214 2627 261 lv.

297 372 598 433 Nimirum
633 372 890 431 nationis
917 370 1252 429 Hibernicae
1276 371 1465 429 hostis
1503 378 1631 427 erat
1668 368 2002 437 acerrimuS,
2034 374 2249 443 utpote
2287 366 2385 441 cuj
2392 384 2465 423 us
2490 365 2621 442 pri-

297 472 593 549 mipilares
618 470 813 529 hostes
842 469 1257 547 stephanidem
1283 478 1344 527 et
1369 468 1716 544 Philippum
1746 468 2109 536 Barrensem,
2144 473 2182 498 ‘⁴
2202 464 2526 542 plurimum
2556 483 2623 521 se

301 571 540 629 consilio
563 570 877 645 juvisse¹⁶”
922 571 1144 627 fatetur
1168 588 1182 626 :
1230 568 1316 625 ita
1352 576 1427 625 ut
1464 567 1621 624 sicut
1646 588 1681 623 a
1708 566 1767 625 S.
1791 565 1979 623 Paulo
2005 572 2055 598 ·“
2072 565 2339 622 omnium
2366 562 2623 640 Stepha-

300 690 446 728 num
471 668 860 746 lapidantium
886 652 1236 726 vestimenta
1263 668 1665 735 servabantur,
1694 676 1767 724 ut
1796 676 2077 741 tanquam
2102 664 2167 721 in
2192 664 2465 722 manibus
2490 682 2621 721 om·

297 769 466 830 nium
493 770 618 845 ipse
643 766 900 843 lapidare
915 766 1322 835 videretur¹⁸,”
1349 767 1433 823 sic
1459 766 1559 823 ille
1576 765 1735 823 solus
1758 763 1995 823 tantum
2018 763 2300 838 suasione,
2322 760 2620 837 quantum

302 868 524 943 singuli
548 867 766 923 milites
792 866 949 923 ferro
975 875 1326 922 nocuerunt.
1393 860 1781 942 Imperatores
1806 864 2067 921 victoriae
2093 863 2356 939 gloriam,
2396 862 2625 919 milites

300 967 560 1023 laborem
587 965 884 1033 referunt3
925 983 1064 1021 nam

847 1098 877 1122 ‘⁶
895 1096 1100 1144 Consilio
1121 1094 1284 1143 utilius
1300 1100 1446 1157 quam
1468 1096 1645 1144 viribus
1666 1112 1797 1144 arma
1816 1102 2052 1158 geruntur,

816 1196 820 1199 ·
895 1180 1065 1228 Militis
1086 1186 1156 1228 est
1177 1181 1328 1239 robur,
1357 1180 1691 1241 consiliumque
1712 1178 1887 1229 ducis.”

304 1303 399 1358 Ita
424 1300 611 1374 major
637 1300 700 1355 in
727 1298 1033 1355 authorem
1061 1298 1290 1374 flagitii,
1335 1296 1516 1374 quam
1542 1297 1605 1354 in
1631 1298 1907 1355 factorem
1934 1296 2109 1372 culpa
2133 1293 2478 1353 conferenda
2506 1302 2620 1351 est.

307 1400 542 1457 “Non”
587 1399 742 1456 enirn
771 1405 808 1430 “
828 1398 1060 1457 viribus
1095 1406 1201 1455 aut
1226 1396 1654 1466 velocitatibuS,
1699 1405 1805 1454 aut
1830 1396 2130 1453 celeritate
2170 1413 2486 1470 corporum
2522 1412 2623 1449 res

305 1518 528 1575 magnae
570 1507 880 1573 geruntur,
933 1496 1032 1553 sed
1074 1497 1332 1565 consili0,
1352 1496 1743 1553 ”authoritate
1788 1504 1848 1552 et
1891 1494 2223 1552 sententian
2239 1496 2294 1552 :”
2342 1502 2415 1551 ut
2454 1492 2621 1552 recte

308 1598 547 1654 Tacitus
569 1596 808 1665 dixerit,
833 1602 870 1628 ‘⁶
887 1596 1106 1669 majora
1134 1594 1374 1652 summis
1402 1594 1660 1650 consiliis
1694 1592 1872 1669 quam
1900 1594 2173 1650 manibus
2194 1594 2320 1669 geri
2335 1594 2389 1652 :”
2418 1601 2477 1651 et
2494 1593 2620 1649 Va·

311 1696 494 1753 lerius
521 1696 783 1763 FlaccuS,
811 1701 847 1726 “
867 1692 1015 1770 saepe
1044 1694 1229 1751 acrior
1256 1692 1572 1769 prudentia
1600 1692 1867 1750 dextriiss'
1946 1693 2263 1769 Euripides

918 1834 949 1857 “
967 1832 1102 1877 Mens
1121 1845 1217 1877 una
1238 1831 1417 1889 sapiens
1438 1830 1643 1890 plurium
1664 1830 1813 1880 vincit
1834 1844 2014 1878 manus.

957 1915 1081 1971 Quid
1102 1916 1225 1975 quod
1247 1915 1320 1960 vis
1341 1914 1519 1960 consilii
1540 1928 1706 1974 expers
1728 1914 1847 1961 mole
1868 1916 1963 1961 ruit
1984 1916 2111 1963 sufiss’

309 2039 600 2119 Apposite
644 2041 848 2099 Cicero
887 2040 1044 2097 dixit
1086 2046 1122 2072 “
1141 2039 1527 2116 expetendam
1560 2040 1744 2116 mag-is
1780 2060 1902 2100 esse
1946 2041 2296 2099 decernendi
2332 2043 2623 2101 rationem

310 2140 490 2215 quam
517 2138 852 2197 decertandi
877 2138 1315 2206 fortitudinem3
1357 2135 1578 2196 temere
1606 2138 1761 2196 enim
1787 2139 1850 2195 in
1877 2139 1997 2197 acie
2023 2140 2265 2211 versari,
2292 2150 2354 2199 et
2378 2160 2623 2199 manum

310 2260 446 2297 cum
471 2239 642 2297 hoste
667 2239 993 2315 confligere,
1024 2238 1274 2294 immane
1295 2237 1574 2313 quiddam
1602 2246 1707 2306 est,
1737 2247 1799 2295 et
1824 2238 2161 2296 belluarum
2190 2240 2404 2299 simile:
2440 2258 2625 2316 parva

311 2340 467 2398 enim
495 2340 640 2397 foris
667 2358 825 2397 arma
852 2347 1008 2413 sunt,
1048 2337 1163 2393 nisi
1203 2337 1281 2393 sit
1317 2336 1630 2393 concilium
1658 2336 1916 2395 domi¹⁸.”
2152 2320 2157 2323 Ι

391 2438 606 2513 Itaque
631 2422 1016 2512 grassationes
1057 2436 1318 2491 militum
1344 2435 1408 2491 in
1435 2435 1654 2492 alienos
1679 2455 1867 2511 agros,
1905 2436 2168 2513 regiones
2193 2436 2625 2494 vastationibus

313 2536 612 2611 protritae,
644 2537 934 2593 bonorum
974 2534 1346 2609 direptiones,
1396 2541 1689 2591 tectorum
1730 2534 2015 2603 incendia,
2054 2544 2277 2610 strages
2314 2534 2622 2592 hominum

314 2636 378 2690 in
407 2632 698 2690 Hibernia
725 2634 908 2690 editas
941 2632 1050 2689 uni
1079 2631 1320 2689 Giraldo
1346 2640 1607 2707 acceptas
1634 2634 1972 2701 referemus,
2005 2636 2110 2709 qui
2140 2654 2246 2691 suo
2282 2634 2495 2691 scelere
2520 2634 2625 2691 sed

316 2729 502 2787 aliena
533 2750 729 2798 manu,
772 2750 898 2788 rem
926 2730 1306 2786 Hiber-nicam
1347 2730 1696 2788 labefactare
1726 2732 2058 2800 contendit3
2100 2741 2160 2789 et
2200 2730 2273 2789 ad
2311 2732 2454 2790 belli
2488 2741 2627 2808 post

316 2832 620 2888 hominum
647 2831 982 2887 memoriam
1009 2829 1365 2905 iniquissimi
1402 2830 1829 2907 susceptionem
1869 2832 2173 2889 universos
2207 2830 2461 2907 impigre
2488 2831 2628 2889 hor-

318 2939 500 2998 tatus,
525 2949 652 3004 quae
680 2928 901 3003 singuli
920 2927 1270 2984 detrimenta
1295 2928 1652 2998 intulerunt,
1674 2949 1877 2991 eorum
1904 2930 2004 2987 ille
2024 2930 2183 2987 solus
2208 2948 2381 2986 causa
2399 2930 2627 2988 extitit.

319 3030 422 3087 An
457 3048 575 3085 non
608 3028 796 3102 igitur
829 3026 990 3083 hunc
1022 3026 1164 3100 jure
1199 3027 1574 3084 meritissimo
1608 3028 1834 3085 hostem
1874 3029 2315 3105 appellabimus,
2356 3030 2463 3104 qui
2506 3049 2627 3087 non

321 3126 512 3185 solum
539 3144 695 3193 voce,
736 3123 834 3181 sed
868 3124 1045 3181 etiam
1081 3124 1315 3200 scriptis
1352 3126 1623 3183 consulto
1658 3125 1863 3183 docuit
1900 3134 1937 3161 ‘⁶
1958 3127 2213 3203 qualiter
2238 3146 2379 3205 gens
2408 3128 2627 3186 Hiber-

322 3227 452 3282 nica
490 3225 567 3282 sit
607 3222 1127 3299 expugnanda¹⁹?''
1206 3223 1296 3280 Ut
1341 3243 1458 3279 non
1495 3225 1915 3299 superstitibus
1950 3234 2098 3283 tunc
2139 3226 2394 3284 delendae
2434 3228 2631 3302 gentis

325 3323 660 3382 Hibernicoe
685 3323 985 3380 molimina
1009 3322 1153 3396 ejus,
1185 3322 1284 3379 sed
1310 3331 1574 3379 venturae
1602 3342 1833 3398 quoque
1858 3344 1965 3400 per
1988 3344 2218 3382 omnem
2256 3325 2454 3382 futuri
2481 3333 2628 3384 tem-

390 3478 430 3510 15
444 3476 605 3522 Hiber.
632 3476 821 3535 Expug.
847 3475 930 3521 lib.
951 3474 998 3519 ii.
1023 3488 1123 3533 cap.
1154 3476 1228 3520 18.
1311 3476 1349 3508 1⁶
1367 3472 1415 3521 S.
1441 3472 1693 3533 August-in.
1718 3475 1889 3524 Sermo.
1917 3478 1958 3533 1,
1984 3478 2042 3523 de
2064 3477 2259 3525 Sanctis.
2327 3479 2365 3511 ¹⁷
2390 3478 2550 3525 Cicero
2572 3478 2629 3524 (le

327 3541 504 3589 Senect.
573 3543 613 3575 18
634 3542 656 3586 1
685 3540 817 3587 Offic.
886 3542 925 3573 1⁹
943 3539 1055 3586 Hib.
1075 3540 1262 3599 Expug.
1289 3538 1368 3585 lib.
1391 3540 1440 3584 ii.
1465 3553 1563 3599 cap.
1592 3542 1670 3587 36.

393 3674 418 3707 ε
441 3665 660 3713 Giraldus
679 3664 812 3724 gives
827 3664 922 3709 this
944 3676 1056 3722 very
1077 3662 1180 3707 title
1201 3667 1250 3707 to
1268 3661 1427 3721 chap-
1528 3664 1737 3723 spenser,
1754 3666 1803 3710 in
1820 3666 1898 3712 the
1912 3666 2041 3726 reign
2056 3666 2107 3712 of
2117 3665 2374 3724 Elizabeth,
2390 3668 2629 3726 proposed,

330 3757 400 3797 ter
429 3760 547 3796 v111.
581 3748 634 3795 of
654 3747 731 3793 his
761 3748 906 3805 work,
945 3748 977 3772 ⁴⁴
991 3747 1047 3791 de
1077 3744 1431 3792 Illaudabilibus
1530 3750 1621 3795 and
1645 3750 1892 3811 Mountjoy
1903 3753 2140 3809 executed‚
2164 3752 2234 3798 for
2254 3753 2334 3799 the
2348 3758 2570 3812 conquest
2585 3753 2639 3798 of

331 3834 518 3879 walliae
540 3830 585 3890 ;”
607 3834 700 3879 and
722 3832 827 3891 lays
841 3832 990 3889 down,
1012 3830 1086 3876 for
1105 3830 1186 3876 tha
1205 3830 1431 3890 subjuga·
1534 3833 1706 3881 Ulster.
1749 3837 1777 3861 “
1796 3836 1894 3883 The
1916 3833 2063 3895 seas,”
2085 3838 2142 3883 he
2164 3851 2287 3897 says,
2316 3839 2347 3865 ‘⁸
2363 3844 2552 3884 wei-eto
2574 3839 2631 3883 be

331 3919 429 3964 tion
451 3919 502 3964 of
519 3918 592 3964 his
603 3917 760 3963 native
774 3916 896 3973 land,
915 3916 991 3961 the
1014 3928 1138 3961 same
1152 3913 1262 3973 plan
1278 3914 1433 3961 which
1532 3921 1767 3980 guarded,
1802 3936 1899 3968 war
1920 3922 2083 3969 should
2107 3924 2161 3970 be
2182 3923 2357 3969 carried
2378 3937 2440 3969 on
2461 3922 2632 3981 during
