2834 4467
344 218 471 283 370
1115 238 1528 287 cinnama
1559 240 1869 287 nvnasus.
2359 242 2515 310 [cst.
2539 242 2660 293 vn.

340 400 575 466 tempus
621 391 835 451 habere
880 394 1038 469 quod
1074 395 1315 463 luceret,
1358 395 1762 471 posteritatem
1803 395 1960 470 quod
2002 394 2220 455 laudet.
2319 396 2464 454 Hoc-
2481 396 2665 471 quod

341 490 533 559 laedat,
562 490 665 547 illa
685 492 841 566 quod
870 493 1045 569 legat,
1074 492 1185 550 hoc
1212 494 1369 569 quod
1396 494 1650 561 damnet,
1679 494 1783 551 illa
1805 494 1964 570 quod
1989 504 2162 552 amet.
2224 496 2354 553 Hoc
2381 496 2544 571 quod
2569 514 2664 553 re·-

339 591 567 665 probet‚
596 590 703 647 illa
728 592 887 666 quod
910 593 1213 668 probet⁴t”
1240 606 1303 650 et
1322 610 1458 649 suos
1483 593 1683 662 libros,
1717 598 1754 627 ‘⁶
1775 593 2024 669 posteris
2050 592 2374 662 lectionem,
2407 612 2664 677 praesen-

342 688 507 746 tibus
536 689 809 748 livorem:
849 691 969 749 illis
997 691 1459 761 delectationem,
1487 692 1620 752 istis
1649 691 2099 759 detractionem3
2137 693 2260 749 illis
2286 693 2663 761 beneficium,

340 788 472 845 istis
508 788 711 845 odium
750 790 1197 864 praestituros³.”
1277 790 1402 847 Imo
1429 789 1572 847 vero
1611 790 1816 849 livoris
1851 800 1911 847 et
1946 791 2081 859 odii,
2113 811 2232 869 quo
2270 799 2334 849 te
2357 792 2666 849 viventem

344 887 582 944 Giralde
613 888 1133 962 prosequebantur,
1164 888 1268 965 qui
1302 898 1359 945 te
1397 888 1563 945 intu's
1599 897 1660 947 et
1690 888 1752 945 in
1793 896 1932 945 cute
1971 897 2282 955 noverunt,
2330 897 2664 964 perpetuus

340 995 509 1041 tenor
546 985 714 1060 quasi
757 1004 791 1041 a
837 984 1157 1058 majoribus
1201 1004 1306 1061 per
1348 1006 1557 1043 manus
1605 987 1864 1045 traditus
1904 986 1980 1043 ad
2017 996 2277 1063 posteros
2324 990 2663 1045 emanavit‘.

344 1082 601 1138 Tantum
622 1082 798 1139 etiam
826 1084 989 1139 abest
1004 1091 1077 1140 ut
1097 1084 1345 1159 posteris
1372 1084 1832 1153 delectationem,
1850 1092 1956 1142 aut
1981 1085 2329 1143 beneficium
2351 1086 2666 1143 scribendo

342 1180 703 1256 praestiteris,
733 1188 806 1236 ut
839 1178 1039 1255 potius
1065 1180 1289 1255 injuria
1317 1200 1377 1239 se
1402 1200 1521 1238 non
1545 1180 1826 1239 mediocri
1853 1182 2088 1259 scriptis
2115 1182 2236 1239 tuis
2263 1180 2504 1240 affectos
2533 1202 2661 1240 esse

340 1287 794 1354 conquerantur,
824 1288 897 1335 ut
922 1278 1212 1335 librorum
1240 1287 1484 1336 tuorum
1511 1279 1836 1348 lectionem,
1867 1280 2094 1336 nullam
2123 1280 2236 1337 sibi
2261 1280 2658 1357 voluptatem,
2723 1298 2740 1311 ·

342 1396 631 1435 summam
656 1376 799 1434 vero
828 1396 1102 1435 nauseam
1130 1396 1363 1435 movere
1390 1376 1709 1435 affirmant:
1753 1379 1859 1454 qui
1900 1379 1950 1435 si
1983 1378 2110 1435 ullo
2145 1378 2204 1435 in
2234 1398 2484 1436 numero
2511 1380 2663 1436 fuis-

342 1482 489 1542 sent,
502 1493 618 1531 non
636 1474 1093 1550 quadringentos
1114 1482 1267 1531 totos
1283 1492 1462 1531 annos
1481 1476 1543 1530 in
1562 1474 1808 1543 scriniis,
1825 1475 2027 1543 tineas,
2048 1482 2109 1532 et
2120 1474 2336 1532 blattas
2356 1483 2664 1551 pascentes

342 1572 765 1641 delitescerent,
788 1572 913 1648 apti
928 1570 1166 1630 tantum
1185 1580 1257 1630 ut
1276 1573 1676 1629 scombrorum
1699 1572 1914 1629 tunicae
1939 1572 2100 1641 fiant,
2121 1580 2182 1629 et
2200 1572 2470 1640 condant,
2494 1573 2661 1643 thus,

342 1678 405 1727 et
430 1670 652 1738 odores,
684 1678 743 1727 et
770 1670 955 1745 piper,
980 1677 1040 1727 et
1066 1670 1357 1746 quidquid
1376 1668 1596 1729 chartis
1622 1670 1900 1728 amicitur
1924 1670 2178 1745 ineptis⁷‚
2209 1690 2318 1727 nec
2341 1671 2526 1746 praelo
2547 1690 2662 1727 un-

343 1785 519 1842 quam
559 1768 1087 1833 committerentur,
1129 1767 1244 1824 nisi
1279 1768 1353 1824 ab
1388 1786 1474 1836 ec,
1518 1768 1623 1842 qui
1649 1767 1722 1824 de
1748 1766 1977 1824 summa
2015 1767 2312 1825 duntaxat
2351 1776 2490 1825 cute
2525 1768 2662 1825 illos

344 1866 671 1924 aestimavit.
753 1866 869 1925 Sed
897 1866 1314 1925 Stanihurstus
1354 1887 1451 1926 eos
1485 1886 1605 1923 non
1639 1866 1864 1925 extima
1900 1867 2119 1925 cortice
2150 1867 2414 1935 metitus,
2444 1867 2662 1926 verum

344 1963 765 2040 pensiculatius
793 1964 1078 2033 evolvens,
1108 1973 1334 2021 tantam
1354 1964 1745 2022 eruditionem
1771 1964 1835 2021 in
1856 1982 2058 2021 eorum
2075 1982 2305 2025 recessu
2331 1965 2520 2022 latere
2541 1984 2661 2022 non

345 2061 747 2139 deprehendit,
792 2070 1012 2137 quanta
1048 2062 1111 2118 in
1144 2063 1339 2120 fronte
1364 2062 1670 2139 apparuit:
1712 2070 1784 2119 ut
1809 2062 2056 2137 proinde
2083 2061 2262 2119 tacita
2287 2060 2422 2119 illos
2449 2062 2660 2136 objur-

344 2162 579 2237 gatione
611 2160 1047 2237 perstrinxerit,
1079 2158 1211 2217 cum
1246 2180 1279 2217 e
1307 2158 1716 2236 Topographiss,
1754 2159 1963 2216 assulis
2002 2158 2242 2217 tantum
2281 2169 2342 2217 et
2368 2159 2658 2220 frustulw

344 2261 493 2317 mito
519 2261 581 2316 in
602 2260 971 2336 proscenium
999 2259 1243 2329 eductis,
1274 2266 1509 2316 caeteras
1535 2267 1731 2333 partes
1760 2258 1972 2334 sipario
1997 2257 2281 2316 obductas
2307 2259 2656 2319 occuluerit.

348 2342 839 2434 Quandoquidem
871 2357 1095 2432 inquit:
1141 2363 1178 2391 ‘⁶
1200 2358 1320 2427 Qui
1360 2358 1424 2413 in
1453 2356 1682 2415 Giraldi
1715 2356 1953 2433 scriptis
1987 2364 2130 2414 sunt
2157 2356 2431 2427 volutati,
2459 2358 2659 2415 multa

344 2459 409 2513 in
452 2458 533 2514 eis
568 2458 747 2515 nimis
788 2456 905 2515 alte
946 2457 1212 2532 repetita,
1258 2465 1318 2513 et
1355 2476 1389 2513 a
1429 2456 1728 2531 proposito
1756 2456 2048 2513 declinata
2090 2456 2478 2533 reperiunt‘e’
2575 2456 2660 2513 Et

347 2556 647 2613 Hiberniae
688 2544 1037 2631 expugnatae
1083 2575 1200 2613 non
1243 2554 1481 2612 tantum
1515 2554 1768 2629 ungulas
1815 2563 1875 2611 et
1921 2554 2070 2629 pilos
2116 2550 2400 2630 praecidit,
2446 2574 2514 2611 ac
2557 2573 2658 2611 su-

344 2669 697 2728 pervacanea
735 2653 1043 2728 expungit,
1084 2651 1183 2709 sed
1214 2652 1390 2709 etiam
1429 2652 1847 2727 integrioribus
1875 2670 2010 2709 eum
2051 2653 2300 2711 artubus
2329 2652 2658 2719 mutilavit.

346 2750 582 2807 Somnia
615 2750 897 2806 nimirum
936 2751 1168 2825 abjecit,
1194 2750 1444 2807 Merlini
1470 2750 1746 2807 vaticinia
1781 2750 2056 2811 conviciis
2095 2749 2310 2809 merito
2348 2751 2657 2826 proscidit,

346 2857 651 2924 pal-ergata
677 2847 1011 2916 summovit,
1034 2848 1221 2905 aliena
1247 2850 1440 2905 omnia
1467 2849 1673 2924 procul
1700 2848 1928 2925 abegit;
1965 2868 2096 2926 quae
2122 2848 2220 2906 ille
2247 2848 2402 2927 stylo
2429 2850 2660 2907 stridu-

274 3006 278 3009 ζ
346 2947 481 3003 liori
507 2947 741 3022 polluit,
770 2946 868 3003 hic
894 2945 1036 3003 lima
1062 2940 1371 3023 comptiori
1406 2947 1656 3023 pollivit.
1753 2948 1835 3005 Et
1869 2958 1943 3005 ut
1969 2968 2046 3006 ex
2073 2948 2252 3005 Ennii
2280 2948 2660 3023 sterquilinio

346 3045 643 3120 Virgilius
668 3058 923 3119 gemmas
950 3042 1203 3121 collegit,
1228 3047 1309 3102 sic
1336 3064 1367 3101 e
1390 3044 1729 3103 Cambrensi
1755 3046 2160 3123 praestantiora
2179 3064 2426 3123 quaeque
2453 3046 2656 3103 Stani·

340 3143 591 3203 hui-stus
624 3143 933 3219 excerpsit.
1014 3144 1095 3200 Et
1132 3152 1206 3201 ut
1244 3144 1526 3217 majorem
1563 3144 1726 3222 operi
1752 3152 2120 3201 venustatem
2159 3142 2414 3211 adderet,
2457 3163 2658 3201 naevos

345 3242 638 3311 abstersit,
686 3242 1130 3299 exuberantiam
1168 3242 1335 3318 quasi
1378 3242 1654 3317 expressa
1685 3242 1844 3299 sanie
1880 3242 2226 3318 amputavit.
2309 3246 2346 3274 “
2370 3242 2658 3301 Giraldus

346 3341 553 3397 enim„
581 3340 781 3415 inquit
798 3340 1242 3397 Stanihurstus:
1276 3346 1313 3372 ‘⁶
1335 3339 1504 3397 Adeo
1531 3340 1871 3397 minutatim
1899 3342 2091 3399 omnia
2116 3325 2357 3398 minima
2381 3360 2656 3417 persecu-

410 3501 432 3532 ι
456 3498 591 3544 Praef.
658 3500 679 3531 ⁵
697 3498 817 3545 Ibid.
883 3500 903 3531 ο
920 3498 1055 3546 Praef.
1082 3498 1114 3543 i.
1136 3497 1248 3545 nib.
1272 3498 1463 3559 Expug.
1487 3499 1537 3545 in
1557 3498 1675 3557 fine3
1711 3498 1826 3545 nib.
1849 3486 2040 3561 Expug.
2064 3498 2144 3545 nb.
2167 3499 2216 3547 ii.
2239 3513 2278 3548 c.
2299 3500 2377 3547 ει.
2443 3500 2465 3533 ⁷
2480 3498 2654 3547 Horat.

346 3564 435 3623 Ep.
460 3564 490 3608 i.
513 3562 592 3609 nb.
616 3562 663 3609 ii.
729 3566 751 3596 ε
774 3562 888 3623 Pag.
914 3564 1024 3609 221.

412 3694 433 3719 ⁰
455 3688 503 3734 It
533 3688 574 3734 is
606 3684 814 3746 singular
834 3686 941 3731 that
973 3685 1056 3731 Dr.
1082 3685 1259 3747 Lynch,
1294 3685 1343 3733 in
1377 3684 1452 3729 his
1549 3698 1743 3745 passage
1763 3685 1871 3731 here
1893 3685 2013 3731 cited
2032 3685 2074 3731 is
2094 3698 2124 3731 a
2152 3684 2380 3743 specimen
2400 3684 2454 3731 of
2478 3685 2559 3733 the
2582 3685 2660 3731 la-

348 3772 527 3819 critical
548 3772 755 3818 remarks
789 3786 849 3817 on
882 3770 961 3817 the
994 3770 1115 3831 style
1146 3770 1200 3816 of
1215 3762 1446 3827 Giraldug
1549 3770 1734 3817 borious
1750 3771 1843 3816 and
1860 3770 2097 3829 perverted
2110 3769 2352 3829 ingenuity
2367 3768 2484 3814 with
2497 3770 2659 3816 which

348 3858 457 3903 does
488 3862 570 3902 not
600 3856 750 3902 notice
788 3856 867 3901 the
898 3868 1061 3901 excess
1094 3854 1146 3899 of
1171 3854 1450 3901 alliteration
1549 3855 1607 3901 he
1627 3854 1754 3899 links
1785 3868 1816 3899 a
1836 3854 2090 3900 succession
2122 3854 2174 3899 of
2199 3853 2358 3900 verbal
2391 3853 2656 3901 antithesis.

348 3943 503 3989 which
532 3942 572 3987 is
602 3942 745 3988 found
775 3941 825 3987 in
858 3940 921 3987 all
953 3942 1028 3987 his
1060 3941 1283 3999 writings.
1351 3940 1450 3986 The
1549 3939 1626 3987 An
1649 3938 1878 3985 imitation
1911 3939 1952 3985 is
1983 3940 2240 4007 attempted
2265 3940 2315 3987 in
2349 3939 2428 3986 the
2447 3939 2655 3986 transla-
