2834 4467
353 206 436 266 64
1093 222 1400 266 EPISTOLA
1433 222 1667 266 1³13·ch
1676 221 1894 266 TORIA.

347 394 552 433 eorum
591 376 652 431 in
689 358 1090 451 pollutionem,
1131 384 1192 433 et
1237 376 1447 434 fierent
1484 376 1867 452 opprobrium
1912 374 2307 450 gentibus¹³⁶.”
2390 374 2659 443 Quidam

352 480 388 505 “
409 474 654 549 Ligures
682 492 802 531 sese
829 474 908 530 M.
939 474 1168 550 Popilio
1191 475 1431 532 Contuli
1460 474 1812 550 dediderunt
1838 472 1990 531 nihil
2017 470 2255 549 quidem
2281 474 2467 549 pacti3
2514 492 2657 549 spe-

345 580 628 629 raverunt
655 580 850 629 tamen
885 589 1001 628 non
1036 572 1290 629 atrocius
1329 572 1509 647 quam
1542 572 1882 647 Superiores
1915 572 2301 649 Imperatores
2330 570 2657 627 Consulem

344 672 406 727 in
436 692 496 729 se
523 673 882 730 saeviturum.
954 674 1043 729 At
1066 674 1168 731 ille
1193 692 1352 733 arma
1377 674 1649 730 omnibus
1677 673 1910 740 ademit,
1940 672 2113 748 ipsos,
2134 672 2413 745 'bonaque
2438 690 2655 729 eorum

341 770 623 828 vendidit.
707 772 905 827 'Atrox
944 790 1036 828 res
1059 752 1200 829 ¹visa
1241 772 1501 839 Senatui,
1544 772 1791 845 ideoque
1827 772 1919 827 illi
1958 769 2185 845 placuit
2224 770 2302 826 M.
2344 770 2655 844 Popilium

345 867 674 934 Consulem,
705 868 896 943 pretio
938 869 1301 944 emptoribus
1335 870 1585 937 reddit0‚
1626 869 1783 944 ipsos
1826 868 2145 925 restituere
2179 868 2241 924 in
2284 867 2649 934 libertatem,

342 966 610 1039 bonaque
635 975 707 1022 ut
733 967 804 1023 iis
830 966 1155 1024 reddantur
1174 986 1394 1037 curare,
1415 985 1577 1024 arma
1590 986 1826 1043 quoquo
1846 975 2106 1041 tempore
2120 965 2250 1023 fieri
2266 966 2331 1022 in
2352 966 2420 1023 ea
2435 974 2649 1041 gente3

343 1063 658 1121 Consulem
686 1063 758 1121 de
787 1063 1100 1121 Provincia
1127 1063 1400 1121 decedere
1428 1064 1563 1122 cum
1600 1064 1827 1122 deditos
1862 1064 1926 1121 in
1966 1064 2159 1122 sedem
2196 1082 2362 1121 suam
2392 1064 2651 1139 Ligures

338 1160 769 1217 restituisset¹³⁷.
773 1162 808 1192 ’²
889 1162 1129 1219 Ultimae
1156 1161 1521 1219 crudelitatis
1548 1162 1882 1237 exemplum
1910 1181 1943 1217 a
1971 1161 2198 1237 Popilio
2213 1161 2513 1218 institores
2541 1162 2651 1217 isti

337 1259 600 1316 mutuati
627 1266 785 1327 sunt,
817 1260 960 1317 dum
987 1260 1141 1316 sicut
1167 1260 1270 1316 ille
1298 1260 1562 1335 Ligures,
1602 1261 1685 1318 sic
1718 1260 1820 1316 isti
1856 1269 2085 1316 nostros
2120 1260 2290 1316 bonis
2316 1260 2555 1335 patritie
2580 1269 2650 1317 et

335 1357 508 1414 avitis
536 1342 828 1432 spoliat08‚
858 1356 1076 1415 nefarie
1100 1357 1513 1415 vendiderunt.
1594 1358 1649 1414 A
1680 1377 1932 1433 quorum
1952 1357 2178 1433 flagitio
2204 1376 2339 1415 cum
2368 1357 2648 1431 Majestas

324 1464 528 1530 *vestra
564 1454 892 1531 plurimum
919 1454 1244 1523 abhorreat,
1287 1475 1394 1532 par
1432 1465 1522 1514 est
1557 1465 1630 1513 ut
1668 1456 2113 1532 prudentissimi
2152 1456 2401 1514 Senatus
2440 1456 2641 1513 imita-

333 1555 493 1611 tione
512 1553 812 1626 justitiam
839 1554 1318 1627 clementiamque
1347 1562 1511 1610 tuam
1538 1554 1851 1610 nobilitare
1874 1554 2216 1612 constituas.

454 1649 614 1717 Quid
639 1649 847 1706 multis
872 1668 1066 1706 moror
1083 1648 1113 1706 ?
1195 1650 1254 1707 N
1255 1650 1390 1708 ullae
1420 1659 1561 1707 sunt
1590 1650 1833 1731 nocendi
1859 1658 2029 1719 artes,
2074 1670 2221 1725 quas
2248 1650 2311 1706 in
2342 1650 2631 1707 Hibercos

331 1746 557 1802 inimici
584 1764 702 1802 non
748 1755 1161 1813 exercuerunt,
1201 1747 1439 1804 nullum
1475 1748 1639 1805 virus
1680 1748 1838 1823 quod
1876 1766 1995 1805 non
2016 1746 2363 1805 'effuderunt
2395 1748 2641 1804 nullum

328 1852 693 1901 tormentum
721 1842 879 1917 quod
919 1862 1036 1901 non
1075 1844 1467 1902 intentarunt.
1550 1846 1673 1903 Nec
1700 1847 1862 1904 Juno
1889 1853 1995 1903 aut
2022 1845 2379 1903 Euristheus
2407 1846 2641 1903 Hereu-

328 1943 453 2021 ΙεεῐιξΓ
470 1951 562 1999 tot
589 1942 894 1999 laboribus
920 1942 1196 2017 fatigasse
1221 1943 1565 2001 creduntur.
1648 1944 1763 2001 Sed
1788 1944 2072 2019 quicquid
2096 1943 2161 2001 id
2194 1952 2286 2002 est
2310 1945 2642 2019 superanda

335 2041 520 2099 omnis
562 2041 803 2097 fortuna
841 2041 1079 2099 ferendo
1117 2049 1224 2099 est.
1307 2047 1346 2074 “
1367 2042 1434 2100 Si
1471 2044 1569 2099 lex
1608 2050 1907 2099 nocentem
1942 2043 2133 2118 punit,
2180 2041 2501 2099 cedendum
2551 2050 2646 2099 est

326 2140 608 2215 justitiae3
637 2141 687 2198 si
713 2126 1098 2209 innocentem,
1122 2141 1445 2199 cedendum
1473 2151 1563 2200 est
1589 2142 1958 2200 fortunae¹”.’'
2000 2144 2154 2198 Tum
2170 2140 2337 2203 dolor
2356 2140 2643 2199 decrescit

333 2240 439 2295 ubi
465 2258 583 2313 quo
609 2246 830 2297 crescat
855 2258 974 2295 non
1000 2238 1192 2297 habet.
1276 2245 1313 2271 “
1335 2241 1423 2296 Ea
1438 2258 1564 2315 quae
1590 2240 1930 2297 aeciderunt
1956 2258 2075 2296 non
2102 2241 2175 2296 ad
2200 2239 2511 2297 interitum
2538 2238 2642 2295 sed

332 2337 755 2411 correptionem
766 2344 906 2393 sunt
921 2336 1148 2412 generis
1169 2336 1474 2393 nostri¹³⁹.”
1505 2342 1541 2368 “
1552 2336 1650 2393 Ad
1670 2336 2125 2394 emendationem
2144 2345 2204 2393 et
2223 2355 2341 2393 non
2356 2335 2428 2392 ad
2444 2335 2639 2411 perdi-

333 2434 550 2490 tionem
567 2442 825 2491 nostram
853 2432 1110 2491 evenisse
1142 2432 1565 2490 credamus¹⁴⁰.”
1609 2438 1645 2463 “
1664 2434 1955 2490 Dominus
1986 2452 2103 2489 non
2130 2432 2393 2491 accendit
2406 2412 2647 2493 omnem

335 2530 484 2587 iram
511 2531 791 2587 suam¹⁴¹.”
872 2530 942 2586 In
969 2530 1080 2588 hac
1106 2530 1233 2587 vita
1255 2537 1467 2587 manus
1497 2531 1609 2588 Dei
1634 2530 1985 2607 percutiens,
2014 2540 2277 2587 materna
2304 2539 2391 2588 est
2430 2538 2491 2588 et
2522 2549 2649 2587 me-

337 2629 480 2685 dica.
553 2634 590 2660 ‘⁴
611 2629 863 2703 Propter
888 2636 1122 2703 peccata
1147 2637 1347 2686 nostra
1364 2629 1489 2686 haec
1517 2629 1793 2705 patimur,
1825 2637 1885 2687 et
1914 2630 1964 2686 si
1987 2629 2157 2686 nobis
2180 2636 2427 2704 propter
2452 2629 2646 2686 incre-

337 2728 628 2803 pationem
656 2735 716 2783 et
756 2727 1180 2802 correptionem
1209 2728 1496 2784 Dominus
1534 2728 1696 2785 Deus
1736 2735 1933 2785 noster
1976 2727 2270 2784 modicum
2305 2727 2496 2784 iratus
2531 2735 2643 2795 est,

337 2824 435 2881 sed
458 2824 676 2880 iterum
701 2823 1174 2880 reconciliabitur
1198 2824 1377 2881 servis
1406 2824 1645 2881 suis¹⁴².”
1689 2822 1818 2880 Imo
1848 2824 2083 2882 tandem
2109 2823 2421 2899 aliquando
2452 2829 2487 2856 “
2503 2821 2649 2880 fide-

338 2922 410 2977 lis
433 2921 594 2978 Deus
620 2920 724 2994 qui
749 2939 867 2976 non
894 2920 1123 2994 patitur
1149 2939 1254 2977 nos
1281 2921 1501 2978 tentari
1540 2921 1701 2978 ultra
1739 2921 1803 2976 id
1830 2921 1986 2995 quod
2014 2923 2442 2996 possumus¹⁴³,”
2472 2924 2648 2981 nobis

340 3018 683 3095 tempestive
712 3018 1004 3076 subvenit.
1083 3017 1342 3075 Videtur
1368 3020 1523 3077 enim
1553 3025 1590 3052 “
1612 3020 1888 3077 misertus
1926 3020 2107 3077 fuisse
2143 3038 2321 3096 super
2346 3021 2649 3095 magnitu-

340 3117 476 3172 dine
501 3116 654 3184 mali‚
699 3124 758 3172 et
785 3115 1158 3191 imperavisse
1186 3115 1432 3189 Ange10,
1464 3117 1569 3190 qui
1603 3117 1987 3191 percutiebat,
2028 3115 2265 3186 sufficit,
2297 3116 2421 3191 jam
2462 3128 2651 3176 cesset

342 3216 586 3270 manus”
613 3218 807 3282 tua¹⁴⁴3
849 3213 994 3270 dum
1022 3230 1306 3270 summam
1340 3213 1405 3269 in
1443 3232 1545 3270 nos
1572 3215 1762 3272 menti
1787 3192 1913 3272 tua}
1933 3215 2357 3290 benignitatem
2384 3213 2650 3274 immisit.

411 3408 468 3441 ¹³⁵
481 3412 662 3469 Judith,
682 3412 747 3458 iv.
785 3412 840 3444 ¹³⁷
860 3411 961 3459 Liv.
980 3411 1075 3457 dec.
1095 3425 1141 3456 v.
1160 3410 1240 3457 lib.
1259 3411 1304 3457 ii.
1325 3425 1370 3469 p.
1395 3414 1473 3459 45.
1511 3413 1568 3443 ¹³⁸
1584 3413 1767 3461 Seneca.
1810 3412 1867 3445 ¹³⁹
1885 3416 1912 3460 2
1930 3414 2142 3461 Machab.
2163 3413 2224 3459 vi.
2268 3413 2329 3443 ¹⁴⁰
2341 3413 2375 3459 J
2376 3414 2523 3471 udith,
2546 3414 2645 3460 viii.

344 3477 400 3507 ¹⁴¹
426 3476 501 3523 Ps.
519 3476 694 3522 lxxvii.
764 3476 824 3506 ¹⁴²
847 3477 890 3521 2.
915 3475 1128 3521 Machab.
1153 3474 1233 3521 vii.
1303 3476 1359 3505 ¹⁴³
1382 3480 1405 3523 1
1428 3479 1532 3523 Cor.
1558 3492 1611 3523 x.·
1677 3478 1737 3507 ¹⁴⁴
1754 3481 1795 3524 1.
1822 3478 2021 3537 Paralip.
2042 3478 2147 3524 xxi.

422 3651 444 3673 τ
482 3643 513 3668 “
532 3642 721 3701 Integra
751 3642 855 3701 jam
899 3634 1150 3699 subjugata
1197 3638 1437 3699 Hibernia,
1540 3642 1702 3701 clesiis‚
1726 3644 1950 3691 altaribus
1971 3645 2172 3705 deJectis‚
2199 3644 2340 3690 sacris
2362 3643 2655 3703 imaginibus

341 3732 481 3785 peste,
506 3726 642 3782 fame,
663 3731 712 3771 et
731 3726 850 3771 ferro
872 3738 901 3769 a
922 3724 1021 3769 Deo
1065 3724 1124 3769 ob
1145 3723 1440 3781 ingratitudi·
1540 3726 1797 3783 confractis,
1835 3728 2046 3774 crucibus
2072 3726 2358 3784 conculcatis,
2393 3728 2655 3775 sacerdoti-

341 3823 447 3855 nem
469 3814 515 3856 et
536 3808 915 3868 incomparabiles
927 3807 1226 3853 dissensiones
1241 3812 1288 3852 et
1304 3808 1443 3853 tricas
1540 3809 1627 3855 bus
1656 3809 1903 3868 dissipatis,
1936 3816 1983 3856 et
2017 3811 2240 3869 supplicio
2270 3812 2459 3869 affectis,
2502 3814 2655 3860 sacris

339 3890 516 3953 punita,
553 3893 893 3953 profanatisque
925 3891 1094 3950 ubique
1125 3890 1327 3936 locorum
1352 3890 1441 3935 Ec·
1542 3891 1800 3951 vIrginibus
1842 3893 2041 3951 violatis,
2088 3899 2134 3940 et
2160 3894 2369 3953 denique
2413 3895 2651 3953 omnibus,
