2834 4467
338 218 461 281 336
521 299 528 303 ,
1110 232 1530 282 cannensem·
1553 234 1865 282 nvnnsus.
2407 240 2570 305 [οη.
2599 240 2668 289 v,

337 390 633 448 Henricus
662 388 963 472 Sydnaeus‚
994 398 1055 448 et
1080 389 1181 449 alii
1210 398 1344 448 ante
1370 407 1507 447 eum
1534 390 1834 465 Proreges,
1864 388 1968 464 qui
1995 390 2189 447 omnia
2215 408 2345 465 quae
2373 391 2666 467 colligere

332 496 621 564 poterant,
664 508 785 545 uno
811 488 977 564 quasi
1002 487 1303 545 curriculo
1334 487 1736 564 asportarunt,
1777 495 1850 544 ut
1883 487 2048 544 istud
2073 487 2230 545 inter
2255 489 2372 545 alia
2403 490 2518 546 sibi
2553 490 2661 547 de-

334 588 619 655 mandata,
658 587 891 663 quando
922 587 987 643 in
1029 586 1139 644 hoc
1173 603 1422 662 regnum
1447 586 1845 655 mitterentur,
1883 585 2218 659 injunctum
2249 586 2434 645 fuisse
2455 588 2662 645 videa-

332 693 453 752 tur,
484 693 558 741 ut
596 684 777 760 quam
804 680 1251 759 diligentissime
1276 683 1578 741 abolerent
1611 702 1842 741 omnem
1867 683 2182 741 vetustatis
2207 686 2548 741 memoriam
2593 686 2662 742 in

336 783 725 841 Hiberniam?
1145 794 1153 801 “

452 882 844 957 Exploratum
879 881 1143 957 profecto
1173 891 1262 939 est
1301 890 1541 958 patrum
1579 880 1872 952 memoria,
1916 882 2205 940 Hibernia
2238 882 2394 941 bello
2433 884 2660 941 confla·

333 998 475 1057 gran
483 990 557 1048 te,
579 980 814 1055 Reginae
840 979 1058 1037 milites
1079 998 1111 1037 e
1129 980 1349 1038 Castris
1376 980 1694 1048 ruralibus,
1718 989 1780 1038 et
1798 980 2250 1055 quibuscunque
2269 960 2363 1038 {rel
2380 980 2657 1038 hostium

333 1079 425 1135 vel
445 1078 763 1133 amicorum
790 1076 1013 1135 aedibus
1034 1096 1436 1152 quoscumque
1458 1078 1808 1135 Hibernicos
1835 1076 2018 1135 libros
2043 1096 2274 1136 summo
2293 1080 2494 1136 studio
2519 1096 2657 1136 cor-

294 1198 309 1209 ‘
334 1176 558 1244 rasisse,
602 1184 675 1233 ut
716 1194 811 1232 eos
853 1174 1102 1233 dominis
1142 1176 1409 1250 abripere
1443 1175 1508 1233 in
1550 1174 1852 1249 imperatis
1884 1173 2158 1232 habuisse
2195 1164 2489 1244 videa'tur‚
2543 1178 2656 1251 qui

334 1282 532 1349 postea
548 1274 611 1329 in
624 1273 867 1330 urbium
887 1272 1171 1347 praesidiis
1188 1272 1474 1341 collocati,
1493 1273 1998 1329 membraneorum
2017 1272 2258 1330 illorum
2274 1274 2654 1332 voluminum

334 1370 473 1426 folia
497 1369 823 1445 grandiora,
868 1369 1025 1425 inter
1050 1386 1263 1444 pueros
1288 1366 1351 1424 in
1378 1367 1538 1424 ludis
1563 1367 1841 1425 litei-ariis
1875 1367 1949 1424 ad
1979 1366 2270 1426 librorum
2301 1369 2557 1439 sittibaS,
2590 1380 2654 1428 et

335 1471 491 1526 inter
518 1477 765 1527 sertores
790 1468 865 1524 ad
888 1467 1154 1525 lascinias
1186 1486 1295 1543 pro
1318 1466 1576 1524 vestium
1609 1464 1800 1523 forma
1837 1465 2198 1524 dimetienda
2234 1468 2442 1543 partiti
2481 1479 2653 1525 sunt.

336 1568 423 1624 Ut
450 1586 579 1641 quae
616 1566 979 1622 consuetudo
1012 1564 1438 1642 posterioribus
1463 1564 1734 1639 Anglicis
1773 1564 1834 1619 in
1868 1563 2160 1621 Hibernia
2199 1565 2494 1623 militibus
2531 1567 2654 1623 Hi-

334 1666 570 1723 bernica
596 1664 812 1740 scripta
838 1663 1201 1739 discerpendi
1227 1663 1361 1729 fuit,
1390 1662 1596 1737 primis
1623 1662 1932 1719 Hiberniae
1949 1662 2350 1738 direptoribus
2370 1664 2652 1740 Anglicis

332 1762 636 1820 familiaris
662 1761 859 1829 fuisse,
888 1780 957 1817 ac
980 1762 1055 1817 ab
1080 1759 1285 1816 iisdem
1310 1760 1574 1817 manasse
1597 1758 1882 1817 censenda
1907 1759 2001 1816 sit.
2070 1760 2238 1816 Inter
2263 1780 2410 1835 quos
2435 1762 2504 1818 in
2529 1761 2651 1819 hu-

324 1860 585 1935 jusmodi
601 1867 1116 1917 monumentorum
1137 1859 1628 1934 discerptionibus
1655 1858 1964 1939 Giraldum
1991 1858 2210 1935 primas
2236 1860 2512 1919 retulisse
2536 1862 2650 1919 vix

332 1958 560 2026 dubito,
590 1956 696 2032 qui
722 1957 815 2021 vel
834 1956 1060 2032 Regum
1092 1956 1389 2013 Hiberniae
1418 1962 1458 1989 “
1477 1957 1728 2025 nomina,
1759 1966 1937 2032 gesta,
1959 1964 2020 2013 et
2045 1964 2308 2031 tempora
2332 1958 2646 2031 praeteriit,

332 2066 461 2114 tum
480 2058 617 2132 quia
636 2074 820 2131 pauca
846 2056 908 2111 in
935 2055 1053 2112 illis
1079 2055 1347 2131 insignia,
1370 2064 1432 2113 et
1457 2054 1736 2112 memoria
1761 2054 1940 2129 digna
1965 2062 2278 2129 repererat,
2303 2062 2434 2127 tum
2461 2057 2648 2114 etiam

330 2172 405 2213 ne
430 2154 837 2229 compendium
864 2152 1095 2210 inutilis
1122 2152 1432 2228 prolixitas
1457 2152 1868 2238 impediret¹⁶3”
1943 2152 2014 2208 In
2039 2151 2150 2209 hoc
2175 2152 2217 2209 J
2219 2154 2424 2220 ustini,
2456 2152 2641 2224 Flori,

328 2263 389 2311 et
414 2253 690 2330 Polydori
717 2252 1111 2321 ambitionem,
1143 2260 1203 2309 et
1228 2252 1611 2308 invidentiam
1647 2267 2073 2327 supergressus,
2101 2248 2268 2325 quod
2289 2250 2382 2307 illi
2409 2250 2644 2327 Regum

330 2350 563 2407 nomina
590 2366 707 2407 non
734 2349 1047 2417 tacuerint,
1078 2348 1175 2405 hic
1198 2349 1506 2418 celaverim
1545 2348 1636 2405 illi
1663 2366 1756 2405 res
1781 2325 1985 2405 eofum
2012 2355 2202 2422 gestas
2227 2347 2640 2422 adjunxerint,

328 2450 426 2505 hic
452 2467 569 2531 non
596 2446 771 2504 modo
800 2447 1052 2517 siluerit,
1082 2446 1181 2505 sed
1207 2449 1383 2505 etiam
1414 2446 1691 2519 dedecore
1716 2445 2025 2503 notaverit.
2039 2442 2054 2463 “
2107 2444 2295 2513 Quam
2321 2454 2646 2523 utramque

328 2547 609 2621 injuriam
636 2565 803 2621 spero
828 2546 954 2603 fore
980 2554 1054 2603 ut
1093 2545 1532 2602 nomenclatura
1561 2544 1790 2619 Regum
1819 2543 2128 2600 Hiberniae
2163 2562 2198 2599 a
2240 2543 2408 2601 nobis
2433 2545 2498 2601 in
2525 2545 2642 2603 hoc

329 2664 502 2721 opere
526 2644 793 2701 exhibita
819 2643 1257 2719 aliquantulum
1283 2642 1627 2709 resarcierit,
1656 2650 1730 2698 ut
1755 2659 1886 2716 quae
1910 2648 2124 2717 praeter
2149 2660 2352 2697 eorum
2377 2643 2638 2711 nomina,

331 2743 642 2800 nonnullas
680 2743 855 2799 etiam
903 2761 995 2799 res
1040 2743 1115 2798 ab
1148 2741 1223 2797 iis
1268 2739 1545 2817 praeclare
1584 2749 1774 2815 gestas
1815 2739 2054 2815 profert,
2099 2740 2318 2813 quibus
2355 2740 2642 2799 Giraldus

331 2841 521 2918 aperti
546 2840 765 2909 livoris,
804 2850 864 2895 et
890 2822 1175 2905 mendacii
1200 2839 1493 2913 arguitur,
1533 2835 1695 2913 quod
1721 2856 1924 2895 eorum
1959 2838 2190 2913 egregia
2213 2838 2484 2907 facinora,
2517 2859 2638 2898 non

1100 2968 1138 3000 1⁶
1161 2966 1275 3025 Pag.
1302 2969 1412 3014 559.
1481 2970 1521 3000 ¹⁶
1543 2968 1656 3026 Top.
1681 2967 1787 3014 dist.
1811 2967 1876 3013 iii.

1531 3085 1679 3132 milies
1701 3085 1962 3133 conformed
1983 3100 2033 3132 so
2055 3086 2236 3145 rapidly
2258 3074 2320 3133 to’⁴
2329 3087 2408 3131 the
2424 3084 2636 3131 national

1529 3177 1662 3233 taste,
1698 3170 1804 3216 that
1838 3185 1898 3217 no
1926 3174 2230 3231 government
2264 3169 2398 3215 could
2436 3174 2654 3214 execute'

340 3136 347 3143 ,
394 3097 415 3129 8
434 3089 532 3135 The
549 3088 732 3135 ancient
746 3087 936 3146 litei-ary
953 3062 1243 3131 monuments
1264 3086 1316 3131 of
1332 3085 1429 3131 Ire-

328 3173 439 3219 land
473 3170 789 3231 undoubtedly
812 3184 931 3215 were
964 3170 1207 3229 destroyed
1228 3170 1276 3214 in
1297 3174 1430 3227 great

328 3254 545 3303 numbers
579 3258 751 3315 during
784 3257 865 3302 the
899 3256 1011 3316 long
1044 3270 1163 3301 ware
1202 3255 1318 3300 from
1348 3257 1428 3301 the

327 3344 537 3388 invasion
568 3346 619 3387 to
641 3342 719 3387 the
751 3341 1077 3387 Reformation.
1144 3338 1242 3384 The
1272 3338 1428 3397 policy

326 3428 482 3474 which
515 3418 885 3485 proscribed'the
920 3424 1040 3470 Irish
1071 3423 1302 3482 language
1335 3422 1429 3467 and

326 3516 407 3560 the
430 3513 551 3559 Irish
572 3512 725 3570 bards,
758 3512 851 3557 and
872 3509 1074 3569 pillaged
1098 3507 1218 3556 Irish
1242 3520 1425 3553 monas·

326 3600 461 3645 teries
493 3598 585 3643 and
623 3596 857 3652 churches,
884 3594 1037 3640 would
1072 3598 1154 3639 not
1188 3606 1319 3651 spare
1348 3591 1428 3637 old

326 3683 645 3741 manuscripts.
712 3682 809 3727 But
836 3681 877 3726 it
896 3681 1005 3727 does
1025 3684 1106 3725 not
1132 3690 1301 3737 appear
1322 3678 1428 3723 that

326 3768 454 3812 there
476 3778 572 3811 was
598 3780 627 3811 a
648 3764 916 3825 systematic
948 3766 1147 3821 attempt
1168 3767 1217 3808 to
1238 3761 1424 3821 desti-oy

326 3852 467 3907 them,
504 3865 555 3896 or
576 3851 680 3897 that
710 3850 821 3908 they
842 3861 961 3894 were
983 3844 1150 3905 special
1182 3845 1356 3904 objecta
1377 3846 1430 3889 of

326 3934 521 3994 English
538 3934 795 3993 antipathy.
858 3932 957 3979 The
978 3936 1110 3991 great
1130 3928 1326 3989 English
1350 3928 1418 3975 fa-

1528 3257 1609 3301 the
1639 3254 1826 3300 Vandal
1862 3254 2046 3314 proJect,
2088 3259 2257 3311 except
2291 3252 2486 3311 perhaps
2517 3252 2566 3297 in
2603 3266 2634 3298 a

1527 3340 1615 3385 few
1637 3344 1798 3394 towns,
1829 3339 1923 3384 and
1943 3338 1993 3383 in
2014 3338 2094 3385 the
2114 3336 2251 3383 small
2283 3328 2446 3382 circuit
2470 3336 2524 3380 of
2549 3335 2634 3380 the

1529 3422 1654 3469 Pale.
1695 3422 1832 3477 Some
1851 3422 2082 3469 instances
2101 3436 2238 3469 occur
2258 3422 2308 3466 in
2323 3434 2408 3465 our
2423 3419 2628 3478 history:

1527 3508 1650 3563 thus,
1675 3506 1808 3553 close
1833 3507 1978 3563 Ralla,
2007 3508 2029 3551 1
2049 3506 2180 3552 Rich.
2208 3506 2287 3563 11.‚
2317 3506 2445 3550 there
2465 3517 2564 3549 was
2599 3518 2630 3549 a

1525 3594 1698 3639 seizure
1719 3594 1786 3651 by
1807 3591 1937 3651 royal
1961 3592 2095 3637 order
2115 3591 2167 3636 of
2191 3604 2320 3636 some
2341 3590 2460 3635 Irish
2480 3588 2630 3633 books

1525 3682 1575 3723 at
1593 3674 1826 3723 clontarfz
1850 3674 1994 3720 “Rex
2011 3674 2282 3721 Vieeeomiti
2301 3672 2491 3719 Dublin.
2506 3678 2642 3730 μηδέ

1525 3760 1638 3818 cipit
1659 3758 1781 3817 quod
1796 3757 1999 3803 diversos
2019 3756 2175 3811 libros,
2191 3762 2282 3803 etc.
2295 3762 2399 3812 etc,
2419 3766 2628 3814 quorun-

1522 3842 1630 3889 dam
1654 3841 2007 3887 Hiber-nieorum
2039 3841 2308 3887 clericorum
2333 3840 2626 3885 inimicorum

1521 3929 1572 3977 in
1597 3922 1798 3987 quidam
1827 3926 1939 3972 navi
1971 3926 2021 3972 in
2051 3932 2185 3985 portu
2209 3926 2266 3971 de
2288 3924 2522 3973 Glontarff
2535 3938 2624 3971 ex-
