2834 4467
332 187 432 251 26.
845 228 852 233 -
1083 211 1392 255 nmsrou
1422 178 1907 265 namen-onus

329 370 594 419 senatum
623 372 890 419 nostrum
920 364 1100 438 quam
1125 365 1189 419 in
1215 365 1437 434 civium
1465 373 1801 423 nostrorum
1829 384 2142 425 numerum
2170 366 2431 442 cooptati
2456 365 2643 423 consi-

325 460 407 518 lia
435 460 790 536 decretaque
815 482 934 519 non
963 462 1034 519 ad
1067 464 1549 531 emolumentum,
1582 465 1681 522 sed
1718 464 1792 521 ad
1814 466 2069 523 exitium
2096 464 2557 540 comparandum
2582 466 2646 520 in

322 558 446 616 dies
475 559 688 616 cudere
714 559 1014 617 dicuntur.
1095 561 1154 617 A
1179 561 1457 618 Cicerone
1480 562 1889 636 gravissimum
1918 562 2139 621 crimen
2166 561 2463 621 admisisse
2489 562 2643 619 Ver·

321 676 416 715 res
451 656 784 733 arguiturffl,
817 656 996 733 quod,
1026 658 1160 715 cum
1188 659 1316 734 lege
1353 668 1597 717 cautum
1636 670 1787 717 esset
1826 669 1899 717 ut
1934 661 2095 719 inter
2122 660 2430 719 Senatores
2460 660 2642 735 Agri-

323 756 596 833 gentinos
615 766 674 814 et
693 758 1108 817 ‘Heracleenses
1130 759 1416 835 indigente
1437 760 1777 820 colonorum
1804 780 2119 818 numerum
2137 778 2257 817 uno
2270 770 2640 835 superarent,

325 856 557 913 cuidam
582 874 659 913 >ex
687 856 976 931 indigenis
997 868 1250 925 mortu0‚
1273 859 1543 915 colonum
1564 859 1757 935 pretio
1774 869 2092 935 corruptus
2114 859 2520 915 substituerit.
2572 858 2643 913 In

175 962 298 1028 [ix.]
323 954 544 1011 nostris
571 954 857 1023 Comitiis,
889 956 1054 1013 ultra
1087 957 1412 1013 Verrinum
1454 958 1683 1015 facinus
1714 956 1725 1033 Ι
1760 958 1967 1015 multis
1995 958 2276 1033 gradibus
2302 975 2642 1033 processum

331 1060 452 1122 est3
507 1071 647 1109 cum
689 1053 751 1109 in
795 1072 928 1111 eum
975 1062 1205 1121 coetum,
1257 1054 1547 1130 indigenis
1590 1065 1650 1113 et
1690 1050 1833 1131 ip'sis
1870 1055 1993 1114 fere
2033 1056 2339 1131 inquilinis
2402 1055 2646 1131 penitus

331 1150 588 1209 exclusis
623 1152 732 1208 soli
779 1139 968 1207 coloni
1009 1152 1217 1209 adsciti
1265 1152 1505 1211 suerint.
1588 1152 1779 1221 Quam
1814 1156 2019 1213 crebra
2054 1174 2159 1231 per
2198 1163 2439 1213 eentum
2468 1174 2643 1229 supe-

316 1248 515 1306 riores
540 1268 720 1305 annos
743 1248 1044 1306 Hiberniae
1067 1250 1318 1307 Comitia
1337 1250 1601 1320 fuerunt,
1624 1262 1741 1307 tam
1771 1254 2104 1327 frequentes
2130 1252 2545 1328 indigenarum
2572 1254 2645 1311 de

329 1346 548 1404 colonis
575 1346 934 1422 suffragandi
971 1348 1309 1405 facultatem
1349 1349 1412 1405 in
1458 1350 1692 1406 comitio
1734 1351 2057 1409 consecutis
2104 1352 2357 1425 querelae
2390 1352 2642 1410 exstite-

330 1454 493 1515 runt,
531 1446 750 1521 quibus
779 1446 1081 1522 Principes
1128 1448 1316 1505 nostri
1358 1439 1583 1523 semper
1626 1468 1826 1505 aurem
1868 1458 1929 1505 et
1974 1448 2257 1506 medelam
2303 1450 2644 1525 opportune

327 1544 726 1618 praebuerunt.
797 1545 990 1611 Quare
1015 1562 1120 1601 nos
1143 1545 1214 1599 in·
1235 1563 1394 1619 spem
1422 1544 1661 1621 minime
1682 1545 1921 1603 dubiam
1948 1546 2233 1621 erigimur
2260 1548 2399 1613 fore,
2430 1556 2511 1603 ut
2526 1536 2663 1621 -qui⁸

329 1640 638 1699 clementi&
655 1640 902 1715 majores
921 1660 1116 1697 omnes
1137 1641 1308 1717 longe
1319 1642 1501 1717 vpraeis
1518 1652 1581 1699 et
1594 1652 1713 1699 tam
1730 1644 2039 1719 perniciosi
2058 1642 2373 1727 moliminis
2392 1662 2641 1701 cursum

327 1739 716 1807 cohibiturum
747 1748 807 1795 et
833 1760 957 1796 eam
978 1748 1198 1815 pestem
1223 1741 1551 1797 cervicibus
1578 1742 1795 1798 nostris
1822 1741 2253 1816 impendentem
2280 1742 2641 1799 amoliturus

329 1838 422 1905 sis,
453 1856 558 1895 nec
584 1856 862 1912 passurus
891 1846 962 1895 ut
989 1856 1021 1895 a
1047 1837 1238 1913 prisca
1261 1838 1683 1897 consuetudine
1710 1849 1829 1898 tam
1859 1838 2005 1899 foede
2048 1838 2418 1907 desciscatur‚
2464 1838 2561 1911 cuj
2572 1858 2642 1894 us

327 1938 580 1995 retentio
605 1935 778 2013 longe
807 1938 1064 1994 securior
1091 1947 1179 1993 est
1206 1938 1383 2013 quam
1413 1940 1664 1995 mutatio
1691 1939 1784 1996 vel
1811 1932 2237 2012 Ennii'judicio
2262 1939 2555 1997 canentis:

905 2079 934 2101 “
953 2076 1162 2131 Moribus
1183 2076 1388 2136 antiquis
1409 2082 1503 2123 stat
1528 2091 1599 2123 res
1622 2076 1835 2123 Romana
1857 2075 2077 2135 virique.”

329 2202 394 2259 Si
421 2203 482 2259 in
504 2201 736 2279 Angliae
755 2202 1022 2259 comitiis
1047 2200 1298 2257 Hiberni
1323 2201 1433 2257 soli
1460 2200 1774 2257 sententias
1802 2207 1863 2257 et
1878 2198 2111 2259 decreta
2124 2200 2371 2268 ferreum
2395 2202 2641 2275 prediis

326 2300 554 2377 Anglos
580 2302 919 2368 multarent,
949 2320 1130 2375 eaque
1149 2301 1378 2376 peculio
1405 2320 1512 2357 suo
1538 2299 1953 2375 adjungerent:
1994 2318 2187 2357 annon
2214 2300 2287 2357 ad
2306 2318 2467 2357 arma
2490 2320 2641 2359 mox

325 2400 510 2474 Angli
537 2392 950 2457 convolarent?
1033 2398 1114 2455 Et
1141 2416 1259 2455 suae
1302 2397 1603 2472 religionis
1650 2397 1993 2472 scriptorem
2036 2397 2307 2471 protinus
2354 2397 2639 2481 audirent

224 2538 232 2545 -
323 2505 676 2555 annuentem
703 2498 776 2553 ab
803 2516 870 2553 eo
895 2497 1048 2571 Rege
1075 2514 1323 2571 regnum
1350 2495 1563 2561 amitti,
1608 2495 1715 2569 qui
1745 2500 1781 2527 “
1798 2494 2072 2570 pluribus
2098 2494 2409 2570 imperans,
2449 2496 2635 2552 unius

322 2593 527 2669 populi
568 2594 629 2649 in
675 2594 942 2669 gratiam,
987 2593 1238 2649 alterum
1283 2591 1433 2649 velit
1476 2592 1793 2666 perditum,
1839 2600 1911 2649 ut
1936 2591 2207 2649 ,colonias
2240 2590 2325 2647 ibi
2357 2590 2637 2649 faciatssss’

323 2690 498 2749 Certe
527 2691 632 2767 qui
658 2690 830 2765 longe
858 2691 1179 2748 levioribus
1207 2690 1279 2747 de
1305 2690 1493 2747 causis
1520 2690 1683 2771 signa
1710 2689 1873 2763 Regi,
1900 2688 2287 2763 ultimamque
2313 2690 2637 2764 perniciem

320 2790 538 2848 inferre
563 2808 678 2846 non
707 2788 1082 2859 dubitarunt,
1111 2790 1184 2845 ad
1213 2798 1331 2845 tam
1359 2808 1593 2863 gravem
1619 2788 1899 2861 injuriam
1926 2807 1959 2843 a
1986 2806 2045 2843 se
2070 2787 2541 2870 propulsandam,
2566 2788 2637 2846 in

321 2889 498 2946 armis
533 2888 867 2965 praesidium
903 2908 1072 2947 omne
1112 2886 1503 2963 proculdubio
1544 2886 1911 2952 col-locarent,
1942 2904 2064 2953 nec,
2094 2896 2167 2941 ut
2194 2904 2314 2953 noe,
2358 2886 2419 2941 in
2448 2886 2639 2962 Regis

320 2987 568 3044 arbitrio
594 2988 1040 3063 acquiescerent.
1121 2983 1366 3041 Moleste
1395 2983 1631 3059 quidem
1664 2983 1910 3039 tulimus
1931 2983 2003 3039 de
2022 2984 2316 3059 capitibus
2342 2985 2631 3042 fortunis-

321 3102 436 3157 que
461 3085 694 3152 nostris,
734 3084 797 3140 in
828 3082 1057 3158 Angliae
1083 3080 1370 3148 comitiis,
1417 3099 1451 3136 a
1494 3080 1816 3155 pelegrinis
1856 3070 2128 3137 decerni:
2172 3082 2270 3137 sed
2297 3080 2492 3139 multo
2535 3096 2635 3140 est

319 3180 628 3244 exitiosius
655 3180 894 3237 eadem
879 3199 941 3236 1n
983 3178 1292 3235 discrimen
1333 3179 1406 3234 ab
1448 3177 1727 3235 advenis'
1713 3198 1775 3237 111
1802 3178 1943 3255 ipsis
1973 3178 2274 3236 Hiberniae
2302 3168 2631 3237 visceribus

319 3277 562 3347 adduci3
603 3276 762 3368 quod
792 3277 878 3333 illi
906 3276 1174 3343 aliorum,
1213 3272 1278 3330 hi
1304 3274 1425 3331 suis
1470 3276 1783 3331 commodis
1826 3275 2162 3333 inserviant.
2244 3278 2429 3335 Nemo
2464 3279 2629 3335 enim

316 3386 423 3446 est,
455 3376 559 3451 qui
585 3375 833 3451 propriae
857 3374 980 3429 litis
1001 3373 1188 3445 judex
1215 3373 1594 3441 constitutus,
1636 3392 1753 3430 non
1796 3392 1915 3431 suae
1956 3394 2017 3431 se
2055 3375 2253 3449 potius
2280 3394 2465 3433 causae
2492 3386 2627 3435 stu-

317 3477 623 3535 diosiorem
651 3473 828 3549 quam
856 3472 1052 3529 alienae
1087 3472 1329 3546 praebet.
1414 3469 1573 3528 Bene
1616 3472 1848 3545 quidem
1892 3473 2193 3531 nobiscum
2233 3481 2525 3549 ageretur,
2574 3478 2627 3532 si

545 3634 586 3667 ⁶⁴
602 3639 700 3685 Lib.
725 3636 772 3682 ii.
797 3636 846 3682 in
871 3638 1075 3683 Verrem.
1099 3641 1216 3682 orat.
1244 3640 1286 3683 7.
1374 3632 1414 3664 θ’
1432 3636 1561 3683 Grot.
1586 3638 1643 3683 de
1658 3636 1689 3681 J
1694 3650 1771 3683 ure
1789 3636 1886 3681 Bel.
1913 3636 2001 3683 lib,
2017 3638 2046 3683 i.
2074 3639 2198 3689 c.,iv.
2224 3653 2269 3683 n.
2301 3642 2371 3685 11.

315 3810 387 3857 cil.
456 3809 554 3853 The
577 3806 696 3853 Irish
721 3808 866 3853 Lords
888 3805 1124 3865 delegated
1154 3806 1256 3850 four
1287 3820 1412 3851 com-
1515 3806 1657 3852 heard
1679 3805 1829 3851 before
1852 3807 1929 3853 the
1962 3806 2167 3862 Genucii,
2205 3798 2411 3867 objected
2444 3809 2621 3867 princi-

316 3892 577 3939 missioners
599 3895 646 3936 to
664 3904 830 3950 oppose
851 3904 976 3935 some
992 3891 1045 3935 of
1060 3890 1120 3935 its
1143 3889 1410 3947 provisions.
1516 3889 1643 3949 pally
1668 3894 1717 3934 to
1740 3890 1817 3935 the
1838 3889 2083 3947 preamble,
2119 3891 2269 3937 which
2293 3891 2513 3937 involved
2537 3892 2625 3937 the

315 3978 414 4024 The
428 3980 591 4036 agents
613 3975 663 4021 of
679 3974 760 4021 the
773 3974 894 4021 Irish
913 3973 1160 4029 Catholics,
1177 3974 1282 4019 who
1299 3986 1416 4019 were
1515 3972 1665 4018 whole
1686 3972 1845 4017 nation
1867 3974 1915 4017 in
1930 3974 2007 4019 the
2020 3973 2143 4033 guilt
2164 3976 2215 4019 os
2232 3976 2311 4033 the
2327 3976 2427 4021 first
2448 3974 2617 4033 rising,
