2834 4467
334 212 460 277 378
1105 226 1518 273 omannsm
1546 225 1856 273 suasus.
2351 226 2507 293 [cu.
2537 226 2657 275 v11.

329 383 471 451 filio,
499 382 749 458 aliisque
772 382 1113 459 proceribus
1139 382 1204 439 in
1233 380 1550 441 Teamorioe
1567 380 1822 438 comitiis
1851 376 2148 456 stipatus?
2175 378 2400 437 librum
2425 377 2500 433 de
2527 394 2656 434 me·-
2825 388 2827 473 γ

335 481 717 539 motabilium
752 481 1057 539 Hiberniae
1082 481 1349 539 locorum
1388 478 1744 556 etymologia
1773 479 2048 536 recitanti
2073 478 2270 535 faciles
2293 492 2470 534 aures
2495 494 2656 551 prae-

334 579 502 647 buit;
524 578 879 655 Augustum
902 578 1175 635 imitatus
1203 584 1241 610 “
1261 577 1367 652 qui
1388 577 1700 635 recitantes
1716 574 1972 652 benigne
1997 584 2058 632 et
2083 576 2378 652 patienter
2391 572 2656 641 audivit,

336 697 447 735 nec
486 675 723 735 tantum
762 677 1023 735 carmina
1058 682 1120 733 et
1152 674 1430 733 historias
1467 673 1570 731 sed
1601 683 1661 731 et
1702 674 1992 732 orationes
2031 681 2092 731 et
2127 669 2484 747 dialogosffll'
2569 671 2660 727 Et

340 774 625 833 Claudius
667 775 987 851 imperator
1026 773 1123 831 vel
1152 770 1460 848 inopinato
1509 772 1900 830 recitantibus
1939 772 2239 847 aliquibus
2283 770 2657 847 supervenit.

342 872 515 941 Quod
540 873 593 929 si
626 873 847 931 excitet
882 872 1123 929 auditor
1148 872 1436 943 studium,
1479 870 1678 928 studia
1713 881 1895 947 atque
1933 872 2166 946 ingenia
2204 869 2314 927 tali
2351 868 2658 927 auditorio

339 971 772 1029 excitabantur.
815 960 1206 1027 Domhnallus
1232 969 1410 1027 etiam
1439 968 1741 1027 Hiberniae
1759 969 1906 1037 Rex,
1935 986 2072 1026 cum
2096 975 2158 1025 et
2173 967 2318 1025 belli
2340 967 2660 1025 laboribus

341 1077 405 1127 et
430 1067 769 1143 reipublicae
796 1066 1043 1142 negotiis
1070 1065 1381 1141 expeditus
1406 1074 1642 1141 poterat
1664 1066 1854 1123 otium
1879 1065 2078 1123 studio
2104 1062 2506 1140 suppeditare,
2532 1062 2657 1121 his-

342 1166 510 1223 toriis
536 1164 797 1239 legendis
824 1173 1001 1241 atque
1026 1164 1233 1239 peritis
1248 1162 1632 1221 historiarum
1649 1162 1792 1219 viris
1819 1161 2218 1219 auscultandis
2243 1161 2656 1219 intendebat-'’

449 1263 565 1321 Sed
585 1263 725 1319 audi
744 1262 1035 1338 quomodo
1058 1262 1263 1337 elogia,
1281 1262 1502 1337 quibus
1520 1261 1646 1336 ipse
1659 1261 1904 1318 sublimi
1923 1260 2171 1319 feriebat
2195 1260 2386 1317 sidera
2411 1261 2656 1330 vertice,

341 1360 573 1419 lubrico
589 1378 846 1417 excursu
870 1378 1007 1417 cum
1034 1358 1351 1435 sanguinis,
1380 1367 1444 1416 et
1465 1358 1672 1433 patriae
1699 1358 1972 1417 societate
1997 1359 2111 1415 sibi
2135 1358 2470 1432 conjunctis
2497 1378 2659 1417 com-

342 1459 751 1527 municaverit,
780 1477 927 1533 quos
946 1458 1243 1515 oenoomiis
1268 1455 1469 1533 potius
1495 1457 1760 1514 oneravit
1783 1458 1962 1531 quam
1989 1456 2236 1515 ornavit.
2313 1457 2408 1513 Ita
2427 1466 2504 1513 ut
2522 1459 2658 1515 iuo-

340 1576 479 1615 rum
506 1557 847 1633 panegirim,
878 1574 995 1615 non
1032 1565 1315 1632 susceptas
1352 1556 1706 1613 narrationis
1735 1555 2042 1613 historiam
2070 1555 2332 1613 texuisse
2358 1556 2657 1615 videatur.

346 1656 536 1729 Cujus
562 1656 649 1713 rei
676 1655 963 1730 specimen
988 1655 1051 1711 in
1074 1655 1333 1712 Roberto
1351 1654 1710 1729 Stephanide
1735 1654 2002 1722 exhibeo,
2030 1662 2106 1711 ut
2137 1653 2386 1711 crimine
2423 1655 2501 1711 ab
2535 1674 2658 1711 uuo

344 1772 543 1811 omnes
577 1753 795 1810 ediscas
822 1751 1051 1809 Giraldi
1075 1752 1275 1827 lapsus
1300 1753 1363 1809 in
1388 1753 1794 1811 laudationum
1821 1753 2176 1828 profusione.
2259 1758 2295 1785 ‘⁴
2314 1752 2367 1809 Ο
2389 1753 2660 1821 virum,”

200 1859 317 1927 [50]
346 1851 561 1927 inquit,
609 1856 646 1881 “
666 1849 912 1907 virtutis
954 1849 1217 1918 unicum,
1252 1847 1262 1927 Ι
1292 1850 1536 1924 verique
1563 1852 1780 1908 laboris
1799 1851 2156 1927 exemplum,
2184 1851 2438 1909 fortunae
2461 1852 2658 1921 varim,

346 1950 609 2025 sortique
634 1948 887 2005 adversae
916 1947 1227 2026 plusquam
1252 1967 1548 2024 prosperae
1573 1968 1799 2026 semper
1829 1949 2169 2007 obnoxium.
2247 1950 2300 2005 O
2327 1949 2530 2007 virum
2567 1959 2658 2007 to-

346 2050 474 2119 tieS,
505 2058 627 2105 tam
652 2049 715 2105 in
744 2046 1053 2115 Hibernia,
1082 2047 1261 2123 quam
1286 2048 1351 2103 in
1374 2048 1664 2117 cambria,
1683 2057 1967 2123 utrasque
1993 2057 2134 2105 rotae
2151 2048 2658 2113 circumferentias

346 2148 750 2223 aequanimiter
790 2155 1121 2223 expertum,
1164 2156 1224 2203 et
1263 2146 1457 2203 omnia
1495 2166 1748 2221 passum,
1783 2165 1910 2221 quae
1951 2146 2117 2222 pejor
2155 2146 2396 2204 fortuna
2437 2155 2659 2223 potest,

339 2256 521 2321 atque
544 2247 816 2303 omnibus
833 2264 1009 2302 usum
1030 2262 1161 2319 quae
1180 2244 1401 2301 melior.
1463 2244 1544 2302 01
1569 2245 1706 2303 vere⁵
1726 2245 1982 2301 Marium
1999 2244 2319 2302 secundum
2339 2244 2657 2320 Stephani-

339 2347 574 2415 dem²¹;”
616 2354 725 2403 etc.
807 2342 921 2403 Sed
948 2345 1309 2401 obtrectator
1334 2342 1547 2417 aliquis
1586 2344 1732 2400 mihi
1758 2344 2098 2419 obstrepens
2139 2344 2658 2401 submurmurabit

338 2464 517 2502 unam
542 2443 921 2501 hirundinem
946 2461 1065 2499 non
1086 2441 1273 2499 facere
1297 2457 1417 2510 ver,
1439 2460 1549 2499 nec
1571 2449 1888 2516 patronum
1906 2456 2027 2498 uno
2051 2449 2399 2516 argumento
2419 2456 2658 2499 causam

339 2543 619 2603 evincere.
689 2541 981 2616 Equidem
1019 2541 1137 2597 nisi
1174 2540 1497 2607 fastidium,
1527 2548 1588 2596 et
1613 2539 1839 2608 lectori,
1867 2548 1928 2597 et
1954 2538 2104 2595 mihi
2127 2558 2321 2597 creare
2347 2540 2658 2614 pertimes-

338 2660 545 2709 cerem,
589 2642 833 2698 uberem
879 2640 1365 2717 documentorum
1408 2648 1666 2713 segetem
1710 2638 1832 2695 huc
1871 2654 2184 2713 congerere
2229 2656 2475 2713 possem,
2525 2658 2659 2713 quae

342 2738 652 2797 Giraldum
680 2756 923 2795 suorum
950 2737 1353 2813 praedicationi
1378 2737 1560 2794 nimio
1597 2736 1734 2812 plus
1761 2736 2074 2794 indulsisse
2097 2737 2290 2812 palam
2314 2745 2658 2811 arguerent.

344 2840 577 2907 Quibus
602 2837 793 2911 igitur
817 2835 1112 2904 laudibus,
1144 2836 1546 2897 Reimundum
1583 2835 1658 2891 ad
1695 2834 1862 2893 caelos
1887 2835 2114 2893 extulit
2151 2834 2373 2910 accipe:
2397 2832 2400 2837 ’
2421 2842 2461 2867 “
2482 2835 2544 2892 N
2545 2854 2657 2892 un-

343 2937 578 3013 quam‚”
607 2935 821 3010 inquit,
851 2939 888 2965 “
903 2932 998 2990 vel
1030 2932 1341 3002 rarissime,
1367 2934 1468 2990 cui
1488 2942 1734 3009 praeerat
1762 2952 1985 3002 manus,
2010 2942 2117 2990 aut
2143 2934 2472 2991 temerariis
2499 2936 2656 2993 ausi-

345 3037 475 3103 buS‚
506 3043 613 3091 aut
639 3052 745 3110 per
771 3032 1059 3088 incuriam
1087 3032 1399 3089 oberravit.
1481 3032 1597 3088 Vir
1624 3031 1940 3099 modestus,
1971 3040 2030 3088 et
2065 3031 2364 3109 providuS‚
2393 3032 2654 3102 neccib0‚

344 3152 452 3189 nec
498 3140 659 3188 veste
698 3130 999 3198 delicatus,
1039 3129 1247 3185 caloris
1294 3128 1348 3185 ei
1388 3128 1722 3205 algorisque
1759 3128 2044 3203 patientia
2079 3149 2204 3206 par.
2292 3130 2406 3185 Vir
2427 3130 2660 3205 patiens

342 3231 464 3296 irae,
521 3228 864 3303 patiensque
908 3227 1143 3284 laboris.
1248 3226 1480 3294 Quibus
1525 3225 1875 3301 praesidebat
1927 3227 2198 3301 prodesse
2243 3229 2429 3302 magis
2474 3230 2657 3302 quam

343 3329 603 3405 praeesse,
634 3326 949 3403 potiusque
966 3326 1234 3382 minister
1254 3326 1435 3399 quam
1456 3324 1734 3401 magister
1752 3324 1940 3382 videri
1967 3326 2184 3383 volens.
2225 3326 2339 3382 Vir
2359 3335 2488 3383 erat
2506 3326 2656 3385 libe-

340 3419 501 3495 ralis,
530 3436 589 3485 et
616 3426 780 3494 lenis,
809 3425 1090 3501 providus
1117 3434 1178 3481 et
1205 3423 1567 3500 prudens²²‚”
1595 3433 1702 3481 etc.
1726 3432 1834 3481 etc.
1879 3424 2018 3481 Pari
2045 3443 2277 3500 quoque
2303 3423 2658 3485 liberalitate

346 3526 410 3584 in
440 3526 766 3604 Meylerum
808 3524 1009 3581 laudes
1054 3522 1340 3600 profudit,
1388 3529 1429 3555 “
1445 3523 1551 3599 qui
1591 3522 1758 3580 fuit”
1806 3523 1906 3600 (ut
1953 3522 2232 3581 Giraldus
2275 3522 2387 3599 ait)
2429 3530 2468 3556 “
2488 3525 2658 3583 miles

669 3656 713 3687 ²⁰
736 3652 994 3701 Suetonius.
1061 3654 1101 3685 ²¹
1128 3652 1238 3698 Hib.
1265 3652 1456 3724 Expug.
1481 3652 1560 3699 lib.
1582 3652 1614 3697 i.
1638 3666 1678 3699 c.
1703 3653 1781 3700 27.
1848 3654 1890 3686 2²
1913 3652 2032 3699 Ibid.
2051 3653 2132 3699 lib.
2151 3653 2198 3699 ii.
2222 3668 2261 3699 c.
2279 3654 2324 3699 9.

428 3766 445 3797 ἰ
462 3768 575 3815 This
594 3769 637 3814 is
656 3769 737 3815 the
756 3767 887 3813 work
908 3766 1171 3826 commonly
1192 3766 1339 3812 called
1372 3766 1455 3813 the
1552 3770 1689 3823 mote,
1729 3765 1779 3811 in
1810 3766 1892 3812 the
1925 3766 2126 3826 Library
2155 3767 2208 3812 of
2239 3767 2322 3813 the
2342 3766 2496 3825 Royal
2533 3767 2657 3814 Irish

350 3854 687 3911 munsenehus,
704 3854 756 3899 of
769 3853 924 3899 which
945 3852 1165 3899 ther-ears
1181 3853 1333 3910 copies
1348 3863 1452 3909 pre·
1551 3849 1808 3910 Academy,
1845 3851 1938 3897 and
1959 3850 2007 3896 in
2033 3851 2134 3897 ub.
2158 3850 2213 3897 Τ.
2237 3850 2290 3899 C.
2311 3850 2388 3907 D„
2413 3850 2477 3901 H.
2501 3854 2550 3899 2.
2580 3852 2652 3909 15,

352 3938 512 3983 served
534 3938 583 3982 in
605 3938 685 3983 the
717 3936 873 3983 Books
904 3937 958 3982 of
985 3936 1137 3983 Lecan
1169 3936 1261 3983 and
1284 3934 1449 3995 Baly-
1551 3936 1645 3982 and
1669 3936 1731 3981 Η.
1759 3938 1802 3982 3.
1829 3938 1874 3983 3.
