2834 4467
309 197 433 263 332
1086 206 1498 261 osmansusrs
1527 212 1838 259 amasus.
2379 214 2532 280 [cu.
2561 216 2630 262 v.

306 378 555 429 eruerat.
632 372 910 439 Quaenam
938 380 1135 430 autem
1163 390 1229 428 ea
1254 378 1634 428 monumenta
1671 370 1910 428 fuerant
1937 388 2012 427 ex
2051 369 2178 445 ipso
2205 368 2416 443 accipe.
2489 372 2526 398 ‘⁶
2547 366 2630 423 In

307 467 487 525 tertia
532 469 713 535 solass’
755 470 969 545 inquit,
1002 469 1128 526 “de
1152 468 1586 525 habitatoribus
1615 469 1837 537 insulse,
1877 477 1937 525 et
1965 468 2038 525 de
2077 467 2344 543 gentium
2371 465 2627 540 origine,

306 566 559 640 aliquam
587 566 659 623 de
686 586 891 623 eorum
916 565 1203 629 chronicis
1239 566 1510 622 contraxi
1537 566 1823 621 notitiam.
1907 565 2352 630 Verumtamen,
2393 582 2461 619 ea
2487 581 2630 637 quae

305 664 381 720 ab
407 664 549 739 ipsis
570 663 783 722 diffuse
812 664 1003 731 nimie,
1028 672 1093 723 et
1112 661 1467 743 inordinate,
1483 662 1810 737 magnaque
1835 680 1912 717 ex
1938 646 2104 737 parte
2131 659 2427 737 superflue
2457 660 2628 726 satiS‚

309 771 370 821 et
396 761 621 831 frivole,
666 762 806 819 rudi
832 781 1065 838 quoque
1099 769 1161 819 et
1200 762 1416 836 agresti
1443 761 1598 837 stylo
1633 767 1906 839 congesta
1942 760 2208 828 fuerunt,
2245 776 2364 814 non
2397 758 2634 831 absque

310 863 507 919 labore
533 861 805 936 plurim0‚
831 870 1129 935 tamquam
1153 860 1405 917 marinas
1430 858 1590 915 inter
1609 876 1811 915 arenas
1837 876 2093 933 gemmas
2113 858 2349 933 eligenS,
2371 863 2432 913 et
2459 856 2628 911 exci-

310 961 491 1036 piens„
532 960 889 1035 elegantiora
925 972 1170 1034 quaeque
1208 957 1486 1034 praesenti
1523 956 1838 1025 volumine,
1883 964 2114 1031 quanto
2151 952 2630 1030 compendiosius

311 1057 483 1133 potui
516 1056 889 1133 lucidiusque
931 1057 1199 1132 digessi.”
1280 1053 1460 1113 Modo
1498 1054 1772 1130 pauciora
1811 1055 2044 1129 scripta,
2075 1062 2136 1111 et
2161 1053 2412 1109 rariores
2435 1052 2632 1109 fuisse

310 1174 509 1213 rerum
544 1156 1001 1213 Hibernicarum
1041 1156 1350 1231 scriptores
1390 1162 1760 1228 conquaestus
1806 1161 1924 1223 est·
1965 1161 2040 1209 ut
2076 1151 2381 1209 historiam
2423 1150 2632 1225 gentis

308 1254 539 1313 levibus
566 1253 819 1323 tantum,
848 1257 921 1311 et
934 1253 1185 1310 rudibus
1223 1252 1393 1309 lineis
1429 1250 1834 1308 adumbratam
1862 1250 1982 1307 suis
2009 1249 2320 1316 coloribus,
2353 1256 2416 1303 et
2447 1244 2630 1322 justa

310 1350 497 1411 forma
526 1352 751 1411 Giraldi
775 1352 1115 1427 penicillum
1142 1350 1405 1408 excolere
1423 1350 1770 1425 oportuerit.
1857 1348 2033 1418 Nunc
2059 1345 2212 1405 mole
2237 1366 2296 1403 se
2315 1346 2636 1404 chronico-·

312 1474 445 1511 rum
470 1453 662 1522 obrui,
690 1450 752 1511 et
778 1453 945 1529 copia
978 1453 1352 1528 indignatum
1394 1451 1560 1527 quod
1587 1470 1716 1527 quae
1748 1458 1784 1485 ‘⁶
1800 1438 1976 1508 nimis
2002 1451 2216 1507 diffusa
2241 1451 2432 1507 sunt’'
2481 1468 2630 1507 con,-

221 1612 233 1618 ,
312 1553 559 1621 trahere,
590 1559 651 1609 et
676 1560 983 1627 amputare
1011 1556 1047 1585 “
1066 1550 1363 1627 superflua
1389 1552 1708 1627 cogatur.'’.
1783 1548 2082 1607 Nimirum
2112 1550 2176 1605 in
2203 1549 2626 1606 chronicorum

311 1659 609 1724 tamquam
636 1648 849 1724 Augiae
890 1646 1111 1705 stabuli
1150 1648 1422 1705 sordibus
1443 1647 1760 1723 ,egerendis
1800 1647 1930 1721 ejus
1965 1644 2260 1704 industria
2285 1646 2623 1714 desudavit,

312 1747 413 1804 sed
452 1746 801 1803 laboriosius
845 1747 1021 1821 quam
1066 1745 1345 1803 faeliciiis.
1427 1746 1662 1803 Etenim
1703 1744 1898 1801 sordes
1923 1764 2126 1805 omnes,
2159 1745 2224 1801 in
2263 1763 2439 1802 suum
2467 1763 2628 1820 opus

298 1836 615 1921 congessit,
636 1846 732 1919 cuj
744 1864 811 1902 us
836 1846 1139 1902 luxuriem
1166 1843 1367 1921 potius
1394 1864 1650 1902 resecare
1675 1844 1900 1914 debuit,
1932 1845 2110 1919 quam
2131 1862 2206 1902 ex
2225 1842 2414 1901 aliena
2433 1864 2626 1903 messe

310 1964 446 2002 cum
473 1943 612 2000 lolio
634 1952 885 2019 segetem
906 1942 1177 2001 funditus
1198 1944 1464 2001 evellere.
1517 1951 1557 1975 “
1577 1943 1882 2001 Diffudit”
1911 1942 2069 2001 certe
2091 1962 2196 2019 per
2217 1961 2414 2001 omnes
2435 1944 2624 2002 ferme

310 2060 553 2118 operum
574 2059 817 2098 suorum
842 2050 1009 2098 artus
1035 2048 1097 2098 et
1118 2040 1335 2097 arteria
1358 2058 1476 2096 non
1505 2042 1543 2071 ‘⁴
1559 2039 1901 2115 superflua„
1929 2038 2135 2108 solum,
2167 2040 2266 2096 sed
2292 2037 2468 2097 etiam
2498 2058 2620 2098 non

312 2139 677 2206 cohaerentia,
718 2139 875 2211 inter
912 2158 973 2195 se
1010 2138 1356 2214 pugnantia,
1382 2145 1446 2195 et
1479 2156 1514 2193 a
1537 2137 1788 2211 veritate
1813 2134 2066 2193 maxime
2094 2136 2484 2206 abhorrentia,
2529 2139 2623 2195 ita
2662 2172 2671 2179 -

313 2237 737 2295 Chronicorum
768 2237 1007 2293 illorum
1041 2236 1337 2311 jacturam
1376 2234 1489 2309 ipsi
1522 2242 1816 2311 acceptam
1855 2234 2182 2305 referimuS‚
2210 2254 2356 2311 -quae
2386 2236 2620 2295 Latinis

310 2338 500 2395 literis
516 2356 787 2413 expressa
816 2336 995 2394 fuisse
1014 2354 1132 2393 non
1152 2333 1522 2410 ambigimus,
1543 2333 1678 2391 cum
1701 2333 2002 2391 Hiberniae
2017 2333 2232 2409 linguae
2249 2332 2618 2410 ignoratione

312 2440 593 2497 Giraldus
620 2449 937 2498 teneretur.
1714 2496 1716 2498 ,

418 2536 597 2613 Trogi
617 2539 882 2613 Pompeii
900 2534 1133 2595 vastum
1160 2556 1307 2613 opus
1335 2537 1375 2595 J
1378 2537 1612 2593 ustinus
1631 2535 1694 2593 in
1715 2556 1897 2613 pauca
1917 2538 2230 2605 contraxit,
2249 2545 2310 2595 et
2335 2544 2624 2613 praestan-

310 2639 549 2698 tissimis
566 2641 913 2715 quibusque
951 2639 1128 2697 rebus
1164 2658 1239 2697 ex
1266 2658 1333 2695 eo
1358 2638 1664 2714 decerptis,
1709 2636 1858 2695 illud
1885 2640 1960 2696 ab
1985 2639 2288 2697 hominum
2316 2639 2520 2708 oculis,
2553 2648 2616 2697 et

308 2737 524 2794 notitia
576 2740 937 2795 submovisse
966 2737 1203 2805 dicitur,
1248 2745 1322 2793 ut
1368 2756 1475 2793 sua
1515 2736 1850 2794 hominibus
1892 2736 2208 2795 evolvenda
2247 2737 2612 2796 obtruderet.

312 2837 455 2905 Quae
483 2836 791 2911 prolixiori
817 2834 1075 2892 oratione
1102 2834 1309 2891 Livius
1344 2834 1562 2903 texuit,
1601 2836 1812 2891 Florus
1845 2836 2102 2893 breviori
2127 2844 2476 2913 prosecutus
2501 2818 2610 2906 est,

312 2946 373 2994 et
399 2944 645 2993 conatus
670 2934 849 2990 fuisse
868 2933 1106 3001 dicitur,
1130 2924 1202 2991 ut
1230 2952 1403 3009 opera
1431 2933 1585 2989 Livii
1611 2953 1644 2990 e
1669 2934 1863 2991 medio
1885 2935 2252 3003 tollerentur,
2281 2954 2400 3010 quo
2426 2935 2612 2991 mani-

310 3037 427 3093 bus
451 3034 713 3091 omnium
732 3032 918 3107 ipsius
946 3032 1163 3109 scripta
1182 3040 1533 3090 tererentur.
1609 3033 1802 3103 Quare
1821 3026 1986 3110 turpi
2013 3054 2073 3092 se
2099 3035 2338 3110 flagitio,
2359 3040 2420 3091 et
2437 3036 2611 3092 Rem·

310 3132 451 3209 pub.
488 3132 807 3190 literariam
834 3132 1089 3189 maximo
1116 3132 1325 3189 damno
1351 3131 1687 3189 affecerunt.
1758 3134 1870 3190 His
1897 3145 2237 3191 accuratum
2265 3154 2326 3191 se
2351 3135 2612 3193 imitato·

309 3250 432 3287 rem
463 3230 739 3287 Giraldus
764 3230 1057 3306 praestitit,
1089 3230 1192 3304 qui
1212 3230 1506 3303 majorum
1528 3238 1862 3287 nostrorum
1883 3240 2260 3289 monumenta
2273 3232 2612 3291 fabularum

310 3329 569 3386 vanitate
585 3330 851 3397 liberare,
867 3338 927 3385 et
946 3348 1037 3385 res
1054 3337 1244 3403 gestas
1260 3330 1333 3385 ab
1353 3328 1646 3386 oblivione
1657 3330 1962 3389 vendicare
1982 3350 2304 3406 aggressuS,
2323 3332 2426 3389 illa
2441 3332 2610 3390 tanta

310 3427 597 3485 brevitate
624 3427 963 3501 complexus
990 3436 1093 3491 est,
1118 3434 1189 3482 ut
1215 3426 1460 3495 meliori,
1485 3436 1546 3483 et
1573 3428 1784 3484 saniori
1803 3436 1969 3503 parte
1995 3430 2373 3498 mutilaverit,
2403 3429 2509 3487 has
2529 3430 2610 3489 sic

308 3527 727 3595 obscuraverit,
768 3534 837 3581 ut
877 3544 949 3582 ne
983 3525 1215 3581 nomina
1241 3523 1478 3599 quidem
1515 3526 1760 3601 Regum,
1803 3528 2021 3585 nedum
2058 3532 2149 3585 res
2188 3548 2390 3586 eorum
2418 3536 2610 3605 gestas

360 3664 396 3702 'e
419 3672 487 3717 As
502 3672 718 3719 Giraldus
740 3684 835 3717 was
857 3674 940 3716 not
960 3670 1063 3717 able
1086 3675 1134 3716 to
1156 3685 1322 3729 pursue
1335 3671 1409 3717 his
1509 3687 1626 3718 were
1648 3654 1834 3733 strange
1851 3674 1892 3719 if
1905 3653 1964 3720 he
1983 3662 2075 3720 had
2097 3676 2238 3720 taken
2256 3676 2336 3721 the
2357 3676 2538 3722 trouble
2564 3678 2616 3724 of

310 3757 544 3803 histoiical
581 3756 835 3802 researches
867 3770 927 3801 on
948 3755 1121 3813 Wales,
1146 3756 1220 3801 his
1252 3756 1409 3801 native
1507 3754 1718 3814 learning
1735 3754 1814 3803 the
1833 3757 1966 3815 Irish‚
1984 3758 2228 3822 especially
2237 3760 2372 3805 when
2383 3760 2442 3806 he
2458 3774 2611 3807 sneers

310 3844 519 3897 country,
546 3841 743 3885 without
779 3840 857 3885 the
892 3839 969 3885 aid
1004 3838 1055 3885 of
1084 3853 1271 3897 persons
1304 3840 1410 3885 ucll
1511 3844 1582 3885 at·
1592 3840 1671 3885 the
1699 3840 1761 3887 W
1761 3840 1860 3887 elsh
1901 3855 1953 3888 as
2003 3844 2340 3890 “”barbaroua
2341 3870 2405 3879 -
2420 3844 2606 3903 Ussher,

310 3922 583 3979 acquainted
622 3924 736 3967 with
776 3922 855 3969 the
892 3922 1055 3969 Welsh
1090 3922 1335 3982 language,
1372 3922 1410 3969 it
1514 3924 1706 3985 Sylloqe,
1733 3938 1776 3984 p.
1806 3926 1911 3973 117.
