2834 4467
327 214 456 279 298
1103 228 1515 275 camansrs
1546 228 1853 273 masos.
2374 228 2523 293 [cu.
2548 230 2643 277 iv.

323 385 484 464 poris
507 384 863 453 memoriam,
893 383 1228 459 posteritati
1251 382 1699 441 innotescerent.
1762 380 1862 439 Sic
1887 398 2007 438 non
2032 382 2347 439 contentus
2370 379 2495 437 una
2511 380 2645 437 vice

325 484 398 541 ad
429 483 776 541 evertendos
813 483 1112 541 Hibernos
1142 482 1372 541 consilii
1411 482 1821 557 adjumentum
1848 482 2019 550 ferre,
2062 481 2179 539 nisi
2204 482 2385 540 etiam
2416 479 2487 536 in.
2502 498 2642 555 pro-

323 582 530 659 patulo
557 581 926 639 continenter
965 579 1017 656 ej
1025 600 1099 638 us
1131 580 1357 639 monita⁴
1380 587 1735 655 prostarent,
1776 598 1885 655 pro
1910 598 1976 637 re
2000 578 2143 637 nata
2168 584 2463 653 tamquam
2490 596 2526 635 e
2548 586 2645 633 ta·-

324 682 482 739 bulis
509 682 574 737 in
598 699 728 737 rem
753 678 1090 737 educenda?

443 780 562 838 Sed
587 798 717 855 quae
747 779 984 835 tandem
1013 779 1295 836 Hibernis
1323 778 1657 836 edomandis
1684 778 2037 835 documenta
2056 776 2317 854 promit?
2353 776 2645 834 nimirum

324 887 418 945 ut,
448 884 484 910 ‘⁴
501 878 596 935 vel
611 876 1000 933 debilitentur
1015 876 1112 933 vel
1129 876 1543 933 deleanturwJ’
1612 877 1880 944 Quorum
1908 876 2163 933 alterum
2191 858 2494 951 perfidiam
2520 894 2647 932 non

325 976 690 1045 mediocrem,
715 976 968 1033 alterum
986 993 1270 1031 summam
1286 976 1655 1033 atrocitatem
1676 974 1915 1032 redolet.
1960 974 2121 1042 Quid
2138 974 2294 1032 enim
2306 974 2650 1050 quempiam

325 1077 510 1152 magis
536 1095 659 1133 esse
684 1073 930 1152 perfidie
955 1093 1073 1135 non
1094 1074 1306 1131 leviter
1323 1074 1580 1131 tinctum
1609 1072 1709 1131 sed
1735 1071 1853 1131 alte
1880 1074 2182 1130 imbutum
2202 1073 2417 1148 arguit,
2438 1071 2641 1147 quem,

327 1175 559 1233 duobus
585 1174 818 1251 populis
845 1182 1155 1250 pactorum
1182 1173 1577 1231 transactione
1596 1172 1721 1247 jam
1748 1171 2269 1242 coalitiS,-alterum
2296 1172 2369 1227 ad
2395 1169 2645 1227 alterius

325 1274 482 1331 vires
524 1272 918 1341 infirmandae,
961 1279 1022 1329 et
1064 1271 1137 1328 ad
1174 1289 1408 1328 securos
1444 1290 1521 1337 ex
1555 1269 1872 1346 improviso
1914 1269 2255 1327 adoriendos
2299 1264 2643 1325 attrahere?

327 1372 594 1430 Publicae
619 1372 1026 1429 conditionum
1053 1369 1342 1445 utrinque
1363 1370 1653 1427 initarum
1680 1368 1899 1426 tabulae
1926 1356 2083 1427 infra
2110 1366 2486 1426 commodiori
2510 1366 2645 1423 loco

325 1471 685 1547 proferendae
722 1470 915 1527 adhuc
952 1476 1190 1538 extant3
1233 1489 1266 1527 e
1303 1470 1539 1545 quibus,
1580 1476 1641 1527 et
1667 1468 1895 1544 reliquo
1920 1468 2273 1525 narrationis
2299 1474 2511 1524 nostrae
2539 1464 2643 1523 de-

327 1586 508 1627 cursu
533 1567 764 1643 liquido
806 1568 1035 1644 patebit
1069 1567 1143 1626 ad
1176 1568 1330 1625 nihil
1365 1568 1529 1625 aliud
1566 1584 1833 1644 proceres
1863 1564 2180 1635 Hiberniae,
2213 1565 2393 1641 quam
2429 1564 2501 1622 ad
2530 1565 2645 1621 tri·

327 1666 544 1723 butum
570 1665 1024 1741 persolvendum
1049 1666 1305 1740 abjectos
1331 1667 1529 1725 fuisse.

447 1762 577 1819 Rex
595 1763 914 1831 Connaciae‚
940 1783 1092 1821 anno
1116 1772 1250 1839 post
1278 1782 1526 1839 regnum
1554 1765 1629 1821 ab
1652 1763 1909 1821 Henrico
1928 1764 2040 1820 111.
2063 1763 2281 1819 initum
2302 1765 2396 1833 24,
2426 1771 2487 1821 et
2508 1770 2645 1839 post

330 1860 638 1919 Christum
683 1870 891 1919 natum
925 1864 1076 1919 1240
1103 1862 1165 1917 in
1202 1862 1484 1937 Angliam
1521 1862 1772 1936 trajecit,
1820 1868 1881 1918 et
1920 1859 2266 1937 gravissima
2294 1860 2532 1935 querela
2566 1860 2647 1916 de

332 1960 627 2035 “injuriis
655 1978 798 2035 quas
840 1960 953 2017 sibi
989 1960 1208 2016 familia
1235 1962 1577 2037 Burgorum
1608 1960 1893 2035 irrogavit
1918 1960 1989 2016 ad
2019 1961 2236 2036 Regem
2262 1958 2472 2026 delate,
2502 1978 2643 2015 cau-

329 2078 452 2117 sam
464 2059 716 2117 “tandem
743 2059 1023 2117 obtinuit.
1107 2060 1382 2128 Quaestus
1413 2068 1504 2117 est
1542 2060 1699 2117 enim
1726 2060 1957 2117 eosdem
1984 2059 2143 2117 sedes
2170 2059 2257 2115 ita
2280 2056 2401 2115 late
2440 2058 2503 2113 in
2530 2054 2642 2115 ‘sua

330 2158 554 2216 ditione
579 2158 793 2228 fixisse,
833 2166 905 2215 ut
931 2156 1080 2234 pene
1109 2158 1231 2215 suis
1257 2158 1455 2233 ipsum
1482 2156 1701 2215 finibus
1729 2158 2198 2225 exturbaverint‚
2229 2174 2483 2231 quorum
2508 2174 2642 2230 pos-

329 2258 705 2315 sidendorum
730 2264 1078 2333 potestatem
1097 2254 1345 2313 Henrici
1372 2256 1469 2325 11„
1500 2264 1561 2313 et
1582 2256 1626 2310 J
1625 2256 1827 2313 oannis
1848 2255 2082 2331 Angliae
2110 2254 2340 2330 Regum
2360 2254 2643 2330 diploma·-
2722 2330 2729 2335 ὁ

329 2356 494 2413 tibus
519 2363 870 2413 consecutus
895 2362 1050 2412 erat:
1091 2350 1371 2429 adjiciens
1399 2354 1713 2430 quinquies
1736 2354 1901 2411 mille
1918 2372 2249 2411 marcarum
2274 2353 2573 2410 tributum
2600 2350 2641 2407 ὲ

331 2474 390 2512 se
413 2472 526 2531 pro
549 2472 733 2529 regno
759 2473 867 2511 suo
895 2439 1210 2529 quotannis
1235 2454 1607 2530 persolutum
1632 2452 1828 2511 fuisse.
1890 2452 2019 2511 Rex
2034 2450 2181 2511 vero
2208 2452 2423 2510 certior
2448 2451 2519 2509 de
2544 2450 2641 2509 his

328 2554 538 2623 factus,
555 2574 566 2581 ·
585 2554 868 2611 Mauritio
906 2552 1214 2611 Giraldino
1257 2562 1387 2610 tum
1430 2552 1734 2611 Hiberniae
1778 2552 2011 2629 proregi
2056 2552 2348 2629 praecepit,
2388 2560 2461 2608 ut
2504 2550 2641 2607 iilos

330 2639 668 2727 Burgorum
697 2653 981 2722 surculos,
1006 2672 1150 2729 quos
1169 2651 1483 2712 Hubertus
1508 2653 1580 2709 de
1600 2654 1818 2729 Burgo‚
1843 2652 1985 2710 dum
2012 2654 2074 2709 in
2102 2670 2343 2711 summae
2362 2650 2640 2728 potentiae

328 2750 567 2825 fastigio
583 2749 985 2818 collocaretur,
1015 2750 1079 2806 in
1103 2750 1392 2806 Connaci&
1415 2770 1523 2826 per
1541 2750 1820 2825 injuriam
1849 2751 2015 2818 sevit,
2040 2748 2320 2807 radicitus
2342 2748 2644 2816 evelleret,

329 2856 389 2906 et
415 2866 664 2923 regnum
691 2848 842 2905 citra
867 2847 1193 2904 molestiam
1220 2846 1635 2921 possidendum
1659 2846 1807 2923 Regi
1828 2830 2233 2905 Connaciae²¹.’⁵
2292 2846 2451 2915 Quid
2478 2846 2644 2922 quod

329 2946 657 3005 Richardus
685 2946 764 3004 ΙΙ.
792 2946 968 3021 longo
993 2954 1126 3021 post
1153 2945 1433 3021 temporis
1458 2946 1786 3015 interva110‚
1830 2945 1973 3003 dum
2014 2945 2236 3003 scilicet
2270 2965 2457 3004 annus
2484 2944 2643 3003 deci·

329 3064 464 3105 mus
479 3055 720 3105 octavus
737 3046 907 3123 regni
927 3046 1021 3103 sui
1041 3054 1102 3103 et
1115 3046 1508 3110 Christi1395
1530 3045 1886 3115 decurreret,
1912 3054 2167 3121 quatuor
2188 3053 2564 3116 anuatorum,
2578 3054 2643 3104 et

825 3200 868 3231 20
891 3197 1002 3244 Hib.
1028 3168 1218 3257 Ex'pug.
1244 3197 1322 3244 nb..
1348 3197 1396 3243 ii.
1422 3210 1521 3255 cap.
1548 3199 1624 3243 36.
1692 3198 1731 3229 21
1756 3196 1917 3269 navis,
1944 3210 1987 3255 p.
2016 3198 2123 3243 112.

395 3332 418 3367 ¹¹
443 3334 662 3394 Giraldus
699 3333 891 3381 himself
921 3334 1016 3380 had
1041 3346 1074 3379 a
1091 3332 1435 3393 praeminuerit,
1537 3331 1647 3377 land
1668 3330 1723 3377 of
1739 3330 1925 3377 Ireland
1944 3331 2064 3377 from
2086 3344 2165 3378 soa
2177 3336 2227 3377 to
2248 3345 2327 3378 sea
2340 3333 2464 3378 have
2476 3331 2547 3377 fior
2558 3332 2643 3377 the

329 3422 530 3469 founded
563 3433 626 3467 on·
659 3420 856 3480 popular
888 3420 1165 3479 prophecies,
1213 3420 1320 3465 that
1355 3418 1437 3463 the
1535 3422 1659 3463 most
1688 3420 1795 3475 part
1820 3416 1935 3463 bene
1958 3416 2009 3463 in
2040 3418 2121 3463 the
2150 3417 2305 3475 power
2332 3417 2386 3463 of
2414 3415 2639 3476 English-

331 3506 530 3566 English
551 3505 688 3553 could
709 3510 804 3560 not,
835 3506 989 3551 before
1011 3517 1155 3563 many
1177 3516 1301 3563 ages,
1325 3502 1436 3562 levy
1534 3515 1641 3547 men
1662 3506 1743 3561 yet
1765 3501 1967 3547 Bracton
1988 3499 2217 3564 [Bercon]
2244 3502 2367 3547 saith
2388 3502 2493 3548 that

331 3606 448 3639 even
467 3593 642 3639 tribute
660 3604 726 3639 on
747 3592 828 3637 the
847 3595 1030 3651 greater
1049 3590 1233 3649 portion
1253 3588 1308 3635 of
1335 3588 1435 3635 Ire-
1535 3587 1618 3633 the
1630 3586 1845 3646 ,English
1876 3586 2038 3632 nation
2067 3585 2188 3632 shall
2220 3587 2279 3633 be'
2308 3587 2429 3631 from
2457 3586 2569 3632 time
2590 3592 2645 3632 to

331 3676 456 3725 land.
523 3677 623 3723 The
651 3677 868 3736 prophete
905 3676 936 3703 “
954 3675 1042 3721 doo
1071 3679 1155 3721 not
1175 3686 1332 3721 assure
1352 3686 1437 3719 nor
1534 3670 1710 3715 timein
1732 3669 1969 3715 continual
1980 3670 2185 3717 troubles
2198 3670 2316 3715 with
2332 3669 2413 3715 the
2434 3670 2636 3726 Irishrie,

333 3768 537 3809 warrant
571 3762 677 3809 anie·
710 3762 880 3821 perfect
911 3774 964 3807 or
996 3760 1083 3806 full
1116 3765 1337 3819 conquest
1365 3756 1443 3817 (of
1536 3756 1703 3814 saving
1724 3756 1829 3801 that
1863 3756 1975 3814 they
1992 3754 2115 3801 shall
2143 3754 2254 3801 hold
2286 3756 2379 3801 and
2400 3754 2538 3815 inJoie
2560 3756 2641 3800 the

333 3844 544 3907 Ireland)
559 3850 672 3891 unto
693 3846 774 3893 the
791 3844 989 3905 English
1015 3844 1172 3890 nation
1191 3846 1276 3889 not
1296 3842 1439 3887 much
1536 3840 1685 3886 whole
1704 3838 1816 3885 land
1838 3839 2087 3898 bordei-ing
2112 3852 2171 3885 on
2204 3839 2283 3885 the
2312 3847 2411 3885 east
2434 3842 2562 3885 coast
2592 3840 2649 3884 of

332 3930 484 3977 before
505 3931 688 3975 doomes
711 3929 817 3987 day.
885 3928 995 3974 And
1016 3927 1158 3973 albeit
1185 3927 1265 3972 the
1287 3924 1437 3971 whole
1536 3924 1615 3970 tlte
1638 3917 1852 3970 seas-”--
1862 3922 2097 3983 Conquest
2110 3925 2172 3985 ⁰f
2183 3922 2388 3980 laland,
2410 3920 2643 3969 Hooker’o
