<?xml version="1.0" encoding="UTF-8"?>
<!DOCTYPE html PUBLIC "-//W3C//DTD XHTML 1.0 Transitional//EN"
    "http://www.w3.org/TR/xhtml1/DTD/xhtml1-transitional.dtd">
<html xmlns="http://www.w3.org/1999/xhtml" xml:lang="en" lang="en">
 <head>
  <title>
</title>
<meta http-equiv="Content-Type" content="text/html;charset=utf-8" />
  <meta name='ocr-system' content='tesseract 3.04.00' />
  <meta name='ocr-capabilities' content='ocr_page ocr_carea ocr_par ocr_line ocrx_word'/>
</head>
<body>
  <div class='ocr_page' id='page_1' title='image "./cambrensisevers05kellgoog_0396.png"; bbox 0 0 2834 4467; ppageno 0'>
   <div class='ocr_carea' id='block_1_1' title="bbox 301 216 2664 307">
    <p class='ocr_par' dir='ltr' id='par_1_1' title="bbox 301 216 2664 307">
     <span class='ocr_line' id='line_1_1' title="bbox 301 216 2664 307; baseline -0.002 -26"><span class='ocrx_word' id='word_1_1' title='bbox 301 216 457 281; x_wconf 56' lang='lat'><strong>574</strong></span> <span class='ocrx_word' id='word_1_2' title='bbox 1106 235 1516 281; x_wconf 58' lang='lat' dir='ltr'><strong>canamus</strong></span> <span class='ocrx_word' id='word_1_3' title='bbox 1547 234 1861 283; x_wconf 64' lang='lat' dir='ltr'><strong>mansus.</strong></span> <span class='ocrx_word' id='word_1_4' title='bbox 2329 240 2497 307; x_wconf 68' lang='lat' dir='ltr'>[CAP-</span> <span class='ocrx_word' id='word_1_5' title='bbox 2523 243 2664 291; x_wconf 59' lang='lat' dir='ltr'><strong>vn„</strong></span> 
     </span>
    </p>
   </div>
   <div class='ocr_carea' id='block_1_2' title="bbox 324 388 2648 664">
    <p class='ocr_par' dir='ltr' id='par_1_2' title="bbox 324 388 2648 664">
     <span class='ocr_line' id='line_1_2' title="bbox 329 388 2648 467; baseline 0.002 -20"><span class='ocrx_word' id='word_1_6' title='bbox 329 388 687 465; x_wconf 77' lang='lat' dir='ltr'><strong>sumptuosa</strong></span> <span class='ocrx_word' id='word_1_7' title='bbox 734 389 969 465; x_wconf 86' lang='lat' dir='ltr'><strong>quidem</strong></span> <span class='ocrx_word' id='word_1_8' title='bbox 1012 408 1105 448; x_wconf 88' lang='lat' dir='ltr'><strong>res</strong></span> <span class='ocrx_word' id='word_1_9' title='bbox 1144 398 1205 447; x_wconf 91' lang='lat' dir='ltr'><strong>et</strong></span> <span class='ocrx_word' id='word_1_10' title='bbox 1246 389 1487 448; x_wconf 85' lang='lat' dir='ltr'><strong>nobilis:</strong></span> <span class='ocrx_word' id='word_1_11' title='bbox 1531 390 1670 466; x_wconf 81' lang='lat' dir='ltr'><strong>quia</strong></span> <span class='ocrx_word' id='word_1_12' title='bbox 1708 398 1986 453; x_wconf 80' lang='lat' dir='ltr'><strong>renovata</strong></span> <span class='ocrx_word' id='word_1_13' title='bbox 2023 400 2168 451; x_wconf 82' lang='lat' dir='ltr'><strong>sunt</strong></span> <span class='ocrx_word' id='word_1_14' title='bbox 2213 392 2648 467; x_wconf 82' lang='lat' dir='ltr'><strong>quodammodo</strong></span> 
     </span>
     <span class='ocr_line' id='line_1_3' title="bbox 326 485 2646 565; baseline 0.002 -24"><span class='ocrx_word' id='word_1_15' title='bbox 326 486 571 561; x_wconf 82' lang='lat' dir='ltr'><strong>antiqua</strong></span> <span class='ocrx_word' id='word_1_16' title='bbox 608 494 668 544; x_wconf 87' lang='lat' dir='ltr'><strong>et</strong></span> <span class='ocrx_word' id='word_1_17' title='bbox 708 486 1048 545; x_wconf 79' lang='lat' dir='ltr'><strong>authentica</strong></span> <span class='ocrx_word' id='word_1_18' title='bbox 1077 488 1141 543; x_wconf 89' lang='lat' dir='ltr'><strong>in</strong></span> <span class='ocrx_word' id='word_1_19' title='bbox 1180 485 1290 545; x_wconf 87' lang='lat' dir='ltr'><strong>hoc</strong></span> <span class='ocrx_word' id='word_1_20' title='bbox 1312 488 1484 545; x_wconf 75' lang='lat' dir='ltr'><strong>-facto</strong></span> <span class='ocrx_word' id='word_1_21' title='bbox 1521 496 1828 564; x_wconf 87' lang='lat' dir='ltr'><strong>poetarum</strong></span> <span class='ocrx_word' id='word_1_22' title='bbox 1858 497 2138 565; x_wconf 82' lang='lat' dir='ltr'><strong>tempora,</strong></span> <span class='ocrx_word' id='word_1_23' title='bbox 2179 508 2287 547; x_wconf 87' lang='lat' dir='ltr'><strong>nec</strong></span> <span class='ocrx_word' id='word_1_24' title='bbox 2323 508 2450 545; x_wconf 85' lang='lat' dir='ltr'><strong>rem</strong></span> <span class='ocrx_word' id='word_1_25' title='bbox 2477 490 2646 547; x_wconf 86' lang='lat' dir='ltr'><strong>simi-</strong></span> 
     </span>
     <span class='ocr_line' id='line_1_4' title="bbox 324 584 2646 664; baseline 0.002 -24"><span class='ocrx_word' id='word_1_26' title='bbox 324 584 440 642; x_wconf 88' lang='lat' dir='ltr'><strong>lem</strong></span> <span class='ocrx_word' id='word_1_27' title='bbox 482 586 557 641; x_wconf 82' lang='lat' dir='ltr'><strong>iu·</strong></span> <span class='ocrx_word' id='word_1_28' title='bbox 574 586 795 662; x_wconf 58' lang='lat' dir='ltr'><strong>Angli&amp;</strong></span> <span class='ocrx_word' id='word_1_29' title='bbox 822 584 1050 654; x_wconf 81' lang='lat' dir='ltr'><strong>factam,</strong></span> <span class='ocrx_word' id='word_1_30' title='bbox 1080 586 1175 647; x_wconf 69' lang='lat' dir='ltr'><strong>vel</strong></span> <span class='ocrx_word' id='word_1_31' title='bbox 1214 604 1466 662; x_wconf 80' lang='lat' dir='ltr'><strong>praesens</strong></span> <span class='ocrx_word' id='word_1_32' title='bbox 1503 596 1658 656; x_wconf 74' lang='lat' dir='ltr'><strong>aetas,</strong></span> <span class='ocrx_word' id='word_1_33' title='bbox 1689 588 1782 645; x_wconf 80' lang='lat' dir='ltr'><strong>vel</strong></span> <span class='ocrx_word' id='word_1_34' title='bbox 1810 588 1935 647; x_wconf 86' lang='lat' dir='ltr'><strong>ulla</strong></span> <span class='ocrx_word' id='word_1_35' title='bbox 1963 589 2172 647; x_wconf 78' lang='lat' dir='ltr'>recolit</span> <span class='ocrx_word' id='word_1_36' title='bbox 2211 588 2646 664; x_wconf 66' lang='lat' dir='ltr'><strong>antiquitas1⁴2²</strong></span> 
     </span>
    </p>
   </div>
   <div class='ocr_carea' id='block_1_3' title="bbox 321 683 2646 2437">
    <p class='ocr_par' dir='ltr' id='par_1_3' title="bbox 327 683 2050 904">
     <span class='ocr_line' id='line_1_5' title="bbox 327 683 2050 838; baseline 0.001 -29"><span class='ocrx_word' id='word_1_37' title='bbox 327 683 527 757; x_wconf 57' lang='lat' dir='ltr'><strong>Igltur</strong></span> <span class='ocrx_word' id='word_1_38' title='bbox 925 762 1088 809; x_wconf 77' lang='lat' dir='ltr'><strong>“Avia</strong></span> <span class='ocrx_word' id='word_1_39' title='bbox 1110 740 1342 809; x_wconf 79' lang='lat' dir='ltr'><strong>Pieridum</strong></span> <span class='ocrx_word' id='word_1_40' title='bbox 1365 776 1586 823; x_wconf 83' lang='lat' dir='ltr'><strong>peragras</strong></span> <span class='ocrx_word' id='word_1_41' title='bbox 1605 740 1919 823; x_wconf 30' lang='lat' dir='ltr'><strong>loom-nullius</strong></span> <span class='ocrx_word' id='word_1_42' title='bbox 1939 769 2050 838; x_wconf 71' lang='lat' dir='ltr'><strong>ante</strong></span> 
     </span>
     <span class='ocr_line' id='line_1_6' title="bbox 962 844 1311 904; baseline 0.003 -13"><span class='ocrx_word' id='word_1_43' title='bbox 962 846 1092 892; x_wconf 78' lang='lat' dir='ltr'><strong>Trita</strong></span> <span class='ocrx_word' id='word_1_44' title='bbox 1112 844 1311 904; x_wconf 80' lang='lat' dir='ltr'><strong>pede1⁵.”</strong></span> 
     </span>
    </p>

    <p class='ocr_par' dir='ltr' id='par_1_4' title="bbox 321 971 2646 2437">
     <span class='ocr_line' id='line_1_7' title="bbox 325 971 2644 1051; baseline 0.001 -22"><span class='ocrx_word' id='word_1_45' title='bbox 325 972 427 1029; x_wconf 84' lang='lat' dir='ltr'><strong>Ab</strong></span> <span class='ocrx_word' id='word_1_46' title='bbox 452 971 563 1029; x_wconf 89' lang='lat' dir='ltr'><strong>hoc</strong></span> <span class='ocrx_word' id='word_1_47' title='bbox 594 972 877 1037; x_wconf 81' lang='lat' dir='ltr'><strong>inusitato</strong></span> <span class='ocrx_word' id='word_1_48' title='bbox 904 972 1159 1039; x_wconf 82' lang='lat' dir='ltr'><strong>facinore</strong></span> <span class='ocrx_word' id='word_1_49' title='bbox 1184 974 1538 1031; x_wconf 87' lang='lat' dir='ltr'><strong>inusitatum</strong></span> <span class='ocrx_word' id='word_1_50' title='bbox 1575 974 1688 1031; x_wconf 88' lang='lat' dir='ltr'><strong>sibi</strong></span> <span class='ocrx_word' id='word_1_51' title='bbox 1713 975 1970 1033; x_wconf 83' lang='lat' dir='ltr'><strong>nominis</strong></span> <span class='ocrx_word' id='word_1_52' title='bbox 1990 982 2343 1051; x_wconf 82' lang='lat' dir='ltr'><strong>proventum</strong></span> <span class='ocrx_word' id='word_1_53' title='bbox 2368 975 2644 1033; x_wconf 89' lang='lat' dir='ltr'><strong>cumula-</strong></span> 
     </span>
     <span class='ocr_line' id='line_1_8' title="bbox 323 1071 2646 1149; baseline 0.003 -24"><span class='ocrx_word' id='word_1_54' title='bbox 323 1071 432 1137; x_wconf 87' lang='lat' dir='ltr'><strong>bis,</strong></span> <span class='ocrx_word' id='word_1_55' title='bbox 462 1080 524 1128; x_wconf 90' lang='lat' dir='ltr'><strong>et</strong></span> <span class='ocrx_word' id='word_1_56' title='bbox 551 1080 621 1127; x_wconf 89' lang='lat' dir='ltr'><strong>ut</strong></span> <span class='ocrx_word' id='word_1_57' title='bbox 649 1071 731 1129; x_wconf 90' lang='lat' dir='ltr'><strong>ait</strong></span> <span class='ocrx_word' id='word_1_58' title='bbox 759 1072 1016 1129; x_wconf 87' lang='lat' dir='ltr'><strong>Ennius:</strong></span> <span class='ocrx_word' id='word_1_59' title='bbox 1050 1080 1086 1105; x_wconf 84' lang='lat'><strong>‘⁶</strong></span> <span class='ocrx_word' id='word_1_60' title='bbox 1106 1073 1381 1129; x_wconf 83' lang='lat' dir='ltr'><strong>volitabis</strong></span> <span class='ocrx_word' id='word_1_61' title='bbox 1396 1074 1568 1131; x_wconf 87' lang='lat' dir='ltr'><strong>docta</strong></span> <span class='ocrx_word' id='word_1_62' title='bbox 1593 1094 1698 1149; x_wconf 87' lang='lat' dir='ltr'><strong>per</strong></span> <span class='ocrx_word' id='word_1_63' title='bbox 1724 1094 1825 1131; x_wconf 88' lang='lat' dir='ltr'><strong>ora</strong></span> <span class='ocrx_word' id='word_1_64' title='bbox 1851 1076 2104 1131; x_wconf 86' lang='lat' dir='ltr'><strong>virum.&#39;’</strong></span> <span class='ocrx_word' id='word_1_65' title='bbox 2160 1074 2283 1131; x_wconf 89' lang='lat' dir='ltr'><strong>Nec</strong></span> <span class='ocrx_word' id='word_1_66' title='bbox 2310 1092 2430 1130; x_wconf 80' lang='lat' dir='ltr'><strong>non</strong></span> <span class='ocrx_word' id='word_1_67' title='bbox 2457 1075 2646 1143; x_wconf 81' lang='lat' dir='ltr'><strong>etiam</strong></span> 
     </span>
     <span class='ocr_line' id='line_1_9' title="bbox 326 1167 2644 1247; baseline 0.002 -23"><span class='ocrx_word' id='word_1_68' title='bbox 326 1168 554 1243; x_wconf 87' lang='lat' dir='ltr'><strong>Tiphus</strong></span> <span class='ocrx_word' id='word_1_69' title='bbox 600 1169 749 1225; x_wconf 90' lang='lat' dir='ltr'><strong>alius</strong></span> <span class='ocrx_word' id='word_1_70' title='bbox 787 1168 1112 1238; x_wconf 78' lang='lat' dir='ltr'><strong>habeberiS,</strong></span> <span class='ocrx_word' id='word_1_71' title='bbox 1156 1171 1259 1245; x_wconf 88' lang='lat' dir='ltr'><strong>qui</strong></span> <span class='ocrx_word' id='word_1_72' title='bbox 1286 1188 1591 1245; x_wconf 86' lang='lat' dir='ltr'><strong>nunquam</strong></span> <span class='ocrx_word' id='word_1_73' title='bbox 1631 1167 1768 1230; x_wconf 71' lang='lat' dir='ltr'><strong>ante</strong></span> <span class='ocrx_word' id='word_1_74' title='bbox 1810 1170 2101 1237; x_wconf 63' lang='lat' dir='ltr'><strong>calcatum,</strong></span> <span class='ocrx_word' id='word_1_75' title='bbox 2135 1172 2251 1231; x_wconf 88' lang='lat' dir='ltr'><strong>iter</strong></span> <span class='ocrx_word' id='word_1_76' title='bbox 2276 1171 2511 1246; x_wconf 86' lang='lat' dir='ltr'><strong>primus</strong></span> <span class='ocrx_word' id='word_1_77' title='bbox 2539 1190 2644 1247; x_wconf 90' lang='lat' dir='ltr'><strong>ap-</strong></span> 
     </span>
     <span class='ocr_line' id='line_1_10' title="bbox 322 1266 2644 1345; baseline 0.002 -22"><span class='ocrx_word' id='word_1_78' title='bbox 322 1267 590 1343; x_wconf 86' lang='lat' dir='ltr'><strong>pernisti.</strong></span> <span class='ocrx_word' id='word_1_79' title='bbox 668 1271 758 1326; x_wconf 89' lang='lat' dir='ltr'><strong>Ac</strong></span> <span class='ocrx_word' id='word_1_80' title='bbox 783 1268 1029 1344; x_wconf 81' lang='lat' dir='ltr'>proinde</span> <span class='ocrx_word' id='word_1_81' title='bbox 1053 1270 1327 1345; x_wconf 85' lang='lat' dir='ltr'><strong>expetitae</strong></span> <span class='ocrx_word' id='word_1_82' title='bbox 1353 1278 1448 1326; x_wconf 88' lang='lat' dir='ltr'><strong>tot</strong></span> <span class='ocrx_word' id='word_1_83' title='bbox 1471 1270 1656 1327; x_wconf 89' lang='lat' dir='ltr'><strong>modis</strong></span> <span class='ocrx_word' id='word_1_84' title='bbox 1680 1270 1847 1343; x_wconf 64' lang='lat' dir='ltr'><strong>famas</strong></span> <span class='ocrx_word' id='word_1_85' title='bbox 1873 1279 1932 1329; x_wconf 89' lang='lat' dir='ltr'><strong>te</strong></span> <span class='ocrx_word' id='word_1_86' title='bbox 1957 1266 2132 1327; x_wconf 67' lang='lat' dir='ltr'><strong>modo</strong></span> <span class='ocrx_word' id='word_1_87' title='bbox 2161 1278 2486 1345; x_wconf 88' lang='lat' dir='ltr'><strong>compotem</strong></span> <span class='ocrx_word' id='word_1_88' title='bbox 2517 1289 2644 1328; x_wconf 87' lang='lat' dir='ltr'><strong>esse</strong></span> 
     </span>
     <span class='ocr_line' id='line_1_11' title="bbox 323 1367 2640 1443; baseline 0.002 -22"><span class='ocrx_word' id='word_1_89' title='bbox 323 1368 530 1437; x_wconf 82' lang='lat' dir='ltr'><strong>cernis,</strong></span> <span class='ocrx_word' id='word_1_90' title='bbox 562 1367 612 1423; x_wconf 90' lang='lat' dir='ltr'><strong>si</strong></span> <span class='ocrx_word' id='word_1_91' title='bbox 638 1386 753 1423; x_wconf 90' lang='lat' dir='ltr'><strong>non</strong></span> <span class='ocrx_word' id='word_1_92' title='bbox 780 1367 1007 1425; x_wconf 81' lang='lat' dir='ltr'><strong>inventi</strong></span> <span class='ocrx_word' id='word_1_93' title='bbox 1036 1368 1299 1425; x_wconf 77' lang='lat' dir='ltr'><strong>novitate</strong></span> <span class='ocrx_word' id='word_1_94' title='bbox 1325 1368 1562 1441; x_wconf 86' lang='lat' dir='ltr'><strong>majoris</strong></span> <span class='ocrx_word' id='word_1_95' title='bbox 1591 1368 2000 1425; x_wconf 72' lang='lat' dir='ltr'><strong>ostentationis</strong></span> <span class='ocrx_word' id='word_1_96' title='bbox 2035 1368 2324 1443; x_wconf 79' lang='lat' dir='ltr'><strong>specimen</strong></span> <span class='ocrx_word' id='word_1_97' title='bbox 2359 1368 2640 1438; x_wconf 73' lang='lat' dir='ltr'><strong>edideriS,</strong></span> 
     </span>
     <span class='ocr_line' id='line_1_12' title="bbox 322 1470 2640 1547; baseline 0.001 -22"><span class='ocrx_word' id='word_1_98' title='bbox 322 1470 540 1546; x_wconf 86' lang='lat' dir='ltr'><strong>linguae</strong></span> <span class='ocrx_word' id='word_1_99' title='bbox 566 1471 789 1529; x_wconf 84' lang='lat' dir='ltr'><strong>Latinae</strong></span> <span class='ocrx_word' id='word_1_100' title='bbox 807 1472 1005 1547; x_wconf 85' lang='lat' dir='ltr'><strong>gnaris</strong></span> <span class='ocrx_word' id='word_1_101' title='bbox 1028 1473 1209 1546; x_wconf 83' lang='lat' dir='ltr'><strong>juxta</strong></span> <span class='ocrx_word' id='word_1_102' title='bbox 1235 1492 1300 1527; x_wconf 88' lang='lat' dir='ltr'><strong>ac</strong></span> <span class='ocrx_word' id='word_1_103' title='bbox 1326 1472 1545 1547; x_wconf 88' lang='lat' dir='ltr'><strong>ignaris</strong></span> <span class='ocrx_word' id='word_1_104' title='bbox 1567 1478 1672 1527; x_wconf 84' lang='lat' dir='ltr'><strong>tua</strong></span> <span class='ocrx_word' id='word_1_105' title='bbox 1697 1490 1802 1546; x_wconf 89' lang='lat' dir='ltr'><strong>per</strong></span> <span class='ocrx_word' id='word_1_106' title='bbox 1823 1488 2118 1527; x_wconf 86' lang='lat' dir='ltr'><strong>summum</strong></span> <span class='ocrx_word' id='word_1_107' title='bbox 2136 1470 2351 1527; x_wconf 84' lang='lat' dir='ltr'><strong>fastum</strong></span> <span class='ocrx_word' id='word_1_108' title='bbox 2372 1471 2640 1528; x_wconf 60' lang='lat' dir='ltr'><strong>ostenta-</strong></span> 
     </span>
     <span class='ocr_line' id='line_1_13' title="bbox 323 1567 2640 1637; baseline 0 -12"><span class='ocrx_word' id='word_1_109' title='bbox 323 1570 424 1625; x_wconf 90' lang='lat' dir='ltr'><strong>ris.</strong></span> <span class='ocrx_word' id='word_1_110' title='bbox 501 1571 589 1627; x_wconf 80' lang='lat' dir='ltr'><strong>Ut</strong></span> <span class='ocrx_word' id='word_1_111' title='bbox 616 1571 855 1627; x_wconf 86' lang='lat' dir='ltr'><strong>illorum</strong></span> <span class='ocrx_word' id='word_1_112' title='bbox 897 1572 1119 1627; x_wconf 90' lang='lat' dir='ltr'><strong>animos</strong></span> <span class='ocrx_word' id='word_1_113' title='bbox 1160 1570 1441 1629; x_wconf 87' lang='lat' dir='ltr'><strong>suavibus</strong></span> <span class='ocrx_word' id='word_1_114' title='bbox 1479 1570 1820 1626; x_wconf 87' lang='lat' dir='ltr'><strong>commentis</strong></span> <span class='ocrx_word' id='word_1_115' title='bbox 1857 1568 2234 1637; x_wconf 83' lang='lat' dir='ltr'><strong>demulceres‚</strong></span> <span class='ocrx_word' id='word_1_116' title='bbox 2261 1567 2355 1624; x_wconf 90' lang='lat' dir='ltr'><strong>his</strong></span> <span class='ocrx_word' id='word_1_117' title='bbox 2381 1569 2640 1626; x_wconf 69' lang='lat' dir='ltr'><strong>admira-</strong></span> 
     </span>
     <span class='ocr_line' id='line_1_14' title="bbox 322 1645 2638 1743; baseline 0.001 -20"><span class='ocrx_word' id='word_1_118' title='bbox 322 1668 543 1723; x_wconf 84' lang='lat' dir='ltr'><strong>tionem</strong></span> <span class='ocrx_word' id='word_1_119' title='bbox 570 1688 847 1735; x_wconf 78' lang='lat' dir='ltr'><strong>movereS,</strong></span> <span class='ocrx_word' id='word_1_120' title='bbox 892 1668 1139 1743; x_wconf 87' lang='lat' dir='ltr'><strong>singulis</strong></span> <span class='ocrx_word' id='word_1_121' title='bbox 1165 1688 1375 1725; x_wconf 87' lang='lat' dir='ltr'><strong>mensae</strong></span> <span class='ocrx_word' id='word_1_122' title='bbox 1404 1668 1654 1724; x_wconf 87' lang='lat' dir='ltr'><strong>admotis</strong></span> <span class='ocrx_word' id='word_1_123' title='bbox 1682 1677 1754 1724; x_wconf 89' lang='lat' dir='ltr'><strong>ut</strong></span> <span class='ocrx_word' id='word_1_124' title='bbox 1779 1667 2198 1742; x_wconf 78' lang='lat' dir='ltr'><strong>hospitalitatis</strong></span> <span class='ocrx_word' id='word_1_125' title='bbox 2227 1645 2475 1741; x_wconf 77' lang='lat' dir='ltr'><strong>speciem</strong></span> <span class='ocrx_word' id='word_1_126' title='bbox 2512 1668 2638 1741; x_wconf 80' lang='lat' dir='ltr'><strong>jac—</strong></span> 
     </span>
     <span class='ocr_line' id='line_1_15' title="bbox 323 1756 2640 1841; baseline 0 -20"><span class='ocrx_word' id='word_1_127' title='bbox 323 1766 523 1821; x_wconf 83' lang='lat' dir='ltr'><strong>tantiae</strong></span> <span class='ocrx_word' id='word_1_128' title='bbox 550 1764 909 1823; x_wconf 86' lang='lat' dir='ltr'><strong>obtenderes.</strong></span> <span class='ocrx_word' id='word_1_129' title='bbox 992 1764 1106 1823; x_wconf 87' lang='lat' dir='ltr'><strong>Sed</strong></span> <span class='ocrx_word' id='word_1_130' title='bbox 1126 1756 1299 1823; x_wconf 84' lang='lat' dir='ltr'><strong>nemo</strong></span> <span class='ocrx_word' id='word_1_131' title='bbox 1316 1775 1405 1823; x_wconf 88' lang='lat' dir='ltr'><strong>est</strong></span> <span class='ocrx_word' id='word_1_132' title='bbox 1427 1776 1545 1823; x_wconf 86' lang='lat' dir='ltr'><strong>tam</strong></span> <span class='ocrx_word' id='word_1_133' title='bbox 1567 1766 1854 1834; x_wconf 85' lang='lat' dir='ltr'><strong>oculatus,</strong></span> <span class='ocrx_word' id='word_1_134' title='bbox 1877 1774 1950 1822; x_wconf 89' lang='lat' dir='ltr'><strong>ut</strong></span> <span class='ocrx_word' id='word_1_135' title='bbox 1977 1767 2040 1820; x_wconf 89' lang='lat' dir='ltr'><strong>in</strong></span> <span class='ocrx_word' id='word_1_136' title='bbox 2060 1764 2314 1841; x_wconf 86' lang='lat' dir='ltr'><strong>propriis</strong></span> <span class='ocrx_word' id='word_1_137' title='bbox 2341 1766 2640 1822; x_wconf 72' lang='lat' dir='ltr'><strong>aestiman-</strong></span> 
     </span>
     <span class='ocr_line' id='line_1_16' title="bbox 324 1858 2642 1942; baseline 0 -22"><span class='ocrx_word' id='word_1_138' title='bbox 324 1864 414 1920; x_wconf 87' lang='lat' dir='ltr'><strong>dis</strong></span> <span class='ocrx_word' id='word_1_139' title='bbox 441 1864 690 1938; x_wconf 64' lang='lat' dir='ltr'><strong>quadam</strong></span> <span class='ocrx_word' id='word_1_140' title='bbox 718 1865 897 1921; x_wconf 88' lang='lat' dir='ltr'><strong>animi</strong></span> <span class='ocrx_word' id='word_1_141' title='bbox 922 1867 1304 1941; x_wconf 86' lang='lat' dir='ltr'><strong>propensione</strong></span> <span class='ocrx_word' id='word_1_142' title='bbox 1330 1874 1647 1942; x_wconf 83' lang='lat' dir='ltr'><strong>corruptus</strong></span> <span class='ocrx_word' id='word_1_143' title='bbox 1673 1885 1791 1922; x_wconf 90' lang='lat' dir='ltr'><strong>non</strong></span> <span class='ocrx_word' id='word_1_144' title='bbox 1817 1865 2103 1924; x_wconf 80' lang='lat' dir='ltr'><strong>caecutiat.</strong></span> <span class='ocrx_word' id='word_1_145' title='bbox 2172 1858 2403 1939; x_wconf 83' lang='lat' dir='ltr'><strong>Quippe</strong></span> <span class='ocrx_word' id='word_1_146' title='bbox 2419 1874 2642 1921; x_wconf 81' lang='lat' dir='ltr'><strong>notum</strong></span> 
     </span>
     <span class='ocr_line' id='line_1_17' title="bbox 321 1960 2643 2041; baseline -0.001 -20"><span class='ocrx_word' id='word_1_147' title='bbox 321 1962 507 2039; x_wconf 73' lang='lat' dir='ltr'><strong>vulgo</strong></span> <span class='ocrx_word' id='word_1_148' title='bbox 536 1972 626 2021; x_wconf 88' lang='lat' dir='ltr'><strong>est</strong></span> <span class='ocrx_word' id='word_1_149' title='bbox 656 1971 693 1995; x_wconf 90' lang='lat'>“</span> <span class='ocrx_word' id='word_1_150' title='bbox 712 1982 848 2021; x_wconf 85' lang='lat' dir='ltr'><strong>suos</strong></span> <span class='ocrx_word' id='word_1_151' title='bbox 874 1982 1047 2021; x_wconf 85' lang='lat' dir='ltr'><strong>corvo</strong></span> <span class='ocrx_word' id='word_1_152' title='bbox 1072 1965 1269 2040; x_wconf 86' lang='lat' dir='ltr'><strong>pullos</strong></span> <span class='ocrx_word' id='word_1_153' title='bbox 1294 1965 1574 2041; x_wconf 85' lang='lat' dir='ltr'><strong>pulchros</strong></span> <span class='ocrx_word' id='word_1_154' title='bbox 1601 1967 1781 2023; x_wconf 87' lang='lat' dir='ltr'><strong>esse.”</strong></span> <span class='ocrx_word' id='word_1_155' title='bbox 1837 1962 2134 2039; x_wconf 83' lang='lat' dir='ltr'><strong>-Agrestis</strong></span> <span class='ocrx_word' id='word_1_156' title='bbox 2157 1970 2350 2019; x_wconf 83' lang='lat' dir='ltr'><strong>tamen</strong></span> <span class='ocrx_word' id='word_1_157' title='bbox 2375 1960 2643 2019; x_wconf 86' lang='lat' dir='ltr'><strong>hominis</strong></span> 
     </span>
     <span class='ocr_line' id='line_1_18' title="bbox 321 2056 2644 2140; baseline -0.001 -19"><span class='ocrx_word' id='word_1_158' title='bbox 321 2072 427 2131; x_wconf 87' lang='lat' dir='ltr'><strong>est,</strong></span> <span class='ocrx_word' id='word_1_159' title='bbox 458 2073 517 2121; x_wconf 89' lang='lat' dir='ltr'><strong>et</strong></span> <span class='ocrx_word' id='word_1_160' title='bbox 544 2083 661 2120; x_wconf 90' lang='lat' dir='ltr'><strong>non</strong></span> <span class='ocrx_word' id='word_1_161' title='bbox 687 2060 835 2120; x_wconf 73' lang='lat' dir='ltr'><strong>bene</strong></span> <span class='ocrx_word' id='word_1_162' title='bbox 860 2064 1125 2120; x_wconf 84' lang='lat' dir='ltr'><strong>instituti</strong></span> <span class='ocrx_word' id='word_1_163' title='bbox 1152 2064 1225 2120; x_wconf 87' lang='lat' dir='ltr'><strong>ad</strong></span> <span class='ocrx_word' id='word_1_164' title='bbox 1251 2082 1357 2121; x_wconf 86' lang='lat' dir='ltr'><strong>sua</strong></span> <span class='ocrx_word' id='word_1_165' title='bbox 1394 2064 1684 2140; x_wconf 77' lang='lat' dir='ltr'><strong>praeconia</strong></span> <span class='ocrx_word' id='word_1_166' title='bbox 1711 2057 2032 2120; x_wconf 79' lang='lat' dir='ltr'><strong>enarranda</strong></span> <span class='ocrx_word' id='word_1_167' title='bbox 2056 2061 2335 2118; x_wconf 87' lang='lat' dir='ltr'><strong>orationis</strong></span> <span class='ocrx_word' id='word_1_168' title='bbox 2360 2056 2644 2119; x_wconf 78' lang='lat' dir='ltr'><strong>habaenas</strong></span> 
     </span>
     <span class='ocr_line' id='line_1_19' title="bbox 322 2154 2636 2238; baseline -0.001 -20"><span class='ocrx_word' id='word_1_169' title='bbox 322 2162 537 2219; x_wconf 84' lang='lat' dir='ltr'><strong>laxare.</strong></span> <span class='ocrx_word' id='word_1_170' title='bbox 606 2161 844 2217; x_wconf 87' lang='lat' dir='ltr'><strong>Etenim</strong></span> <span class='ocrx_word' id='word_1_171' title='bbox 870 2162 1107 2237; x_wconf 86' lang='lat' dir='ltr'><strong>propria</strong></span> <span class='ocrx_word' id='word_1_172' title='bbox 1132 2162 1276 2230; x_wconf 89' lang='lat' dir='ltr'><strong>laus,</strong></span> <span class='ocrx_word' id='word_1_173' title='bbox 1307 2162 1548 2238; x_wconf 87' lang='lat' dir='ltr'><strong>proprio</strong></span> <span class='ocrx_word' id='word_1_174' title='bbox 1571 2160 1802 2217; x_wconf 81' lang='lat' dir='ltr'><strong>vilescit</strong></span> <span class='ocrx_word' id='word_1_175' title='bbox 1827 2160 1890 2216; x_wconf 91' lang='lat' dir='ltr'><strong>in</strong></span> <span class='ocrx_word' id='word_1_176' title='bbox 1918 2178 2033 2217; x_wconf 84' lang='lat' dir='ltr'><strong>ore.</strong></span> <span class='ocrx_word' id='word_1_177' title='bbox 2090 2154 2414 2216; x_wconf 86' lang='lat' dir='ltr'><strong>Salomonis</strong></span> <span class='ocrx_word' id='word_1_178' title='bbox 2443 2161 2636 2217; x_wconf 82' lang='lat' dir='ltr'><strong>moni-</strong></span> 
     </span>
     <span class='ocr_line' id='line_1_20' title="bbox 322 2249 2640 2331; baseline -0.003 -10"><span class='ocrx_word' id='word_1_179' title='bbox 322 2272 454 2321; x_wconf 79' lang='lat' dir='ltr'><strong>tum</strong></span> <span class='ocrx_word' id='word_1_180' title='bbox 482 2274 599 2321; x_wconf 84' lang='lat' dir='ltr'><strong>est:</strong></span> <span class='ocrx_word' id='word_1_181' title='bbox 648 2270 687 2296; x_wconf 86' lang='lat'>“</span> <span class='ocrx_word' id='word_1_182' title='bbox 707 2263 937 2321; x_wconf 87' lang='lat' dir='ltr'><strong>Laudet</strong></span> <span class='ocrx_word' id='word_1_183' title='bbox 962 2271 1023 2320; x_wconf 87' lang='lat' dir='ltr'><strong>te</strong></span> <span class='ocrx_word' id='word_1_184' title='bbox 1050 2264 1290 2331; x_wconf 86' lang='lat' dir='ltr'><strong>alienus,</strong></span> <span class='ocrx_word' id='word_1_185' title='bbox 1332 2272 1392 2319; x_wconf 91' lang='lat' dir='ltr'><strong>et</strong></span> <span class='ocrx_word' id='word_1_186' title='bbox 1417 2281 1535 2320; x_wconf 89' lang='lat' dir='ltr'><strong>non</strong></span> <span class='ocrx_word' id='word_1_187' title='bbox 1563 2282 1625 2319; x_wconf 88' lang='lat' dir='ltr'><strong>os</strong></span> <span class='ocrx_word' id='word_1_188' title='bbox 1651 2270 1843 2329; x_wconf 83' lang='lat' dir='ltr'><strong>tuum,</strong></span> <span class='ocrx_word' id='word_1_189' title='bbox 1873 2272 2206 2327; x_wconf 77' lang='lat' dir='ltr'><strong>extraneus&#39;,</strong></span> <span class='ocrx_word' id='word_1_190' title='bbox 2243 2266 2306 2316; x_wconf 88' lang='lat' dir='ltr'><strong>et</strong></span> <span class='ocrx_word' id='word_1_191' title='bbox 2329 2274 2451 2315; x_wconf 85' lang='lat' dir='ltr'><strong>non</strong></span> <span class='ocrx_word' id='word_1_192' title='bbox 2477 2249 2640 2316; x_wconf 82' lang='lat' dir='ltr'><strong>labia</strong></span> 
     </span>
     <span class='ocr_line' id='line_1_21' title="bbox 322 2349 1392 2437; baseline -0.002 -18"><span class='ocrx_word' id='word_1_193' title='bbox 322 2364 527 2421; x_wconf 78' lang='lat' dir='ltr'><strong>tua¹⁶.’&#39;.</strong></span> <span class='ocrx_word' id='word_1_194' title='bbox 606 2363 760 2420; x_wconf 88' lang='lat' dir='ltr'><strong>Nam</strong></span> <span class='ocrx_word' id='word_1_195' title='bbox 786 2370 859 2419; x_wconf 89' lang='lat' dir='ltr'><strong>ut</strong></span> <span class='ocrx_word' id='word_1_196' title='bbox 885 2349 1124 2437; x_wconf 80' lang='lat' dir='ltr'><strong>quidam</strong></span> <span class='ocrx_word' id='word_1_197' title='bbox 1150 2362 1392 2419; x_wconf 78' lang='lat' dir='ltr'><strong>cecinit:</strong></span> 
     </span>
    </p>
   </div>
   <div class='ocr_carea' id='block_1_4' title="bbox 879 2494 2158 2651">
    <p class='ocr_par' dir='ltr' id='par_1_5' title="bbox 879 2494 2158 2651">
     <span class='ocr_line' id='line_1_22' title="bbox 879 2494 2054 2565; baseline -0.006 -10"><span class='ocrx_word' id='word_1_198' title='bbox 879 2507 1152 2555; x_wconf 88' lang='lat' dir='ltr'><strong>“Omnibus</strong></span> <span class='ocrx_word' id='word_1_199' title='bbox 1172 2507 1325 2553; x_wconf 71' lang='lat' dir='ltr'><strong>mvisa</strong></span> <span class='ocrx_word' id='word_1_200' title='bbox 1344 2511 1415 2552; x_wconf 86' lang='lat' dir='ltr'><strong>est</strong></span> <span class='ocrx_word' id='word_1_201' title='bbox 1437 2505 1615 2552; x_wconf 84' lang='lat' dir='ltr'><strong>stolidae</strong></span> <span class='ocrx_word' id='word_1_202' title='bbox 1631 2494 1860 2565; x_wconf 84' lang='lat' dir='ltr'><strong>jactantia</strong></span> <span class='ocrx_word' id='word_1_203' title='bbox 1881 2504 2054 2563; x_wconf 84' lang='lat' dir='ltr'><strong>linguae</strong></span> 
     </span>
     <span class='ocr_line' id='line_1_23' title="bbox 928 2576 2158 2651; baseline -0.002 -14"><span class='ocrx_word' id='word_1_204' title='bbox 928 2592 1057 2638; x_wconf 84' lang='lat' dir='ltr'><strong>Dum</strong></span> <span class='ocrx_word' id='word_1_205' title='bbox 1079 2593 1135 2638; x_wconf 90' lang='lat' dir='ltr'><strong>de</strong></span> <span class='ocrx_word' id='word_1_206' title='bbox 1157 2598 1203 2638; x_wconf 89' lang='lat' dir='ltr'><strong>te</strong></span> <span class='ocrx_word' id='word_1_207' title='bbox 1224 2582 1436 2651; x_wconf 80' lang='lat' dir='ltr'><strong>loqueris,</strong></span> <span class='ocrx_word' id='word_1_208' title='bbox 1460 2580 1612 2650; x_wconf 75' lang='lat' dir='ltr'><strong>gloria</strong></span> <span class='ocrx_word' id='word_1_209' title='bbox 1631 2582 1714 2637; x_wconf 74' lang='lat' dir='ltr'><strong>tua</strong></span> <span class='ocrx_word' id='word_1_210' title='bbox 1733 2585 1872 2635; x_wconf 73' lang='lat' dir='ltr'><strong>nulla·</strong></span> <span class='ocrx_word' id='word_1_211' title='bbox 1885 2588 1998 2635; x_wconf 77' lang='lat' dir='ltr'><strong>est-’⁹</strong></span> <span class='ocrx_word' id='word_1_212' title='bbox 2151 2576 2158 2585; x_wconf 60' lang='grc'><strong><em>’</em></strong></span> 
     </span>
    </p>
   </div>
   <div class='ocr_carea' id='block_1_5' title="bbox 260 2717 2636 3587">
    <p class='ocr_par' dir='ltr' id='par_1_6' title="bbox 260 2717 2636 3587">
     <span class='ocr_line' id='line_1_24' title="bbox 322 2717 2633 2795; baseline 0 -18"><span class='ocrx_word' id='word_1_213' title='bbox 322 2717 505 2789; x_wconf 69' lang='lat' dir='ltr'><strong>Quod</strong></span> <span class='ocrx_word' id='word_1_214' title='bbox 530 2720 580 2777; x_wconf 89' lang='lat' dir='ltr'><strong>si</strong></span> <span class='ocrx_word' id='word_1_215' title='bbox 606 2719 933 2795; x_wconf 82' lang='lat' dir='ltr'><strong>grandioris</strong></span> <span class='ocrx_word' id='word_1_216' title='bbox 959 2721 1226 2795; x_wconf 75' lang='lat' dir='ltr'><strong>aliquem</strong></span> <span class='ocrx_word' id='word_1_217' title='bbox 1246 2720 1417 2777; x_wconf 90' lang='lat' dir='ltr'><strong>molis</strong></span> <span class='ocrx_word' id='word_1_218' title='bbox 1457 2718 1661 2785; x_wconf 74' lang='lat' dir='ltr'><strong>faetum</strong></span> <span class='ocrx_word' id='word_1_219' title='bbox 1691 2718 1917 2775; x_wconf 84' lang='lat' dir='ltr'><strong>Giraldi</strong></span> <span class='ocrx_word' id='word_1_220' title='bbox 1944 2718 2111 2779; x_wconf 85' lang='lat' dir='ltr'><strong>nobis</strong></span> <span class='ocrx_word' id='word_1_221' title='bbox 2150 2718 2454 2793; x_wconf 86' lang='lat' dir='ltr'><strong>ingenium</strong></span> <span class='ocrx_word' id='word_1_222' title='bbox 2481 2718 2633 2777; x_wconf 84' lang='lat' dir='ltr'><strong>effu·</strong></span> 
     </span>
     <span class='ocr_line' id='line_1_25' title="bbox 322 2815 2633 2895; baseline -0.001 -20"><span class='ocrx_word' id='word_1_223' title='bbox 322 2819 521 2887; x_wconf 85' lang='lat' dir='ltr'><strong>disset,</strong></span> <span class='ocrx_word' id='word_1_224' title='bbox 544 2829 651 2877; x_wconf 90' lang='lat' dir='ltr'><strong>aut</strong></span> <span class='ocrx_word' id='word_1_225' title='bbox 678 2818 1190 2895; x_wconf 83' lang='lat' dir='ltr'><strong>cosmographiam,</strong></span> <span class='ocrx_word' id='word_1_226' title='bbox 1213 2827 1319 2876; x_wconf 86' lang='lat' dir='ltr'><strong>aut</strong></span> <span class='ocrx_word' id='word_1_227' title='bbox 1338 2818 1523 2893; x_wconf 87' lang='lat' dir='ltr'><strong>ipsam</strong></span> <span class='ocrx_word' id='word_1_228' title='bbox 1549 2815 1961 2893; x_wconf 79' lang='lat' dir='ltr'><strong>geographiam</strong></span> <span class='ocrx_word' id='word_1_229' title='bbox 1989 2816 2334 2891; x_wconf 85' lang='lat' dir='ltr'><strong>universam,</strong></span> <span class='ocrx_word' id='word_1_230' title='bbox 2360 2824 2434 2873; x_wconf 90' lang='lat' dir='ltr'><strong>ut</strong></span> <span class='ocrx_word' id='word_1_231' title='bbox 2457 2816 2633 2873; x_wconf 87' lang='lat' dir='ltr'><strong>Orte-</strong></span> 
     </span>
     <span class='ocr_line' id='line_1_26' title="bbox 320 2912 2634 2993; baseline -0.005 -12"><span class='ocrx_word' id='word_1_232' title='bbox 320 2919 439 2981; x_wconf 84' lang='lat' dir='ltr'><strong>lius</strong></span> <span class='ocrx_word' id='word_1_233' title='bbox 466 2927 527 2975; x_wconf 91' lang='lat' dir='ltr'><strong>et</strong></span> <span class='ocrx_word' id='word_1_234' title='bbox 553 2918 845 2977; x_wconf 83' lang='lat' dir='ltr'><strong>Mercator</strong></span> <span class='ocrx_word' id='word_1_235' title='bbox 874 2917 1111 2993; x_wconf 86' lang='lat' dir='ltr'><strong>scriptis</strong></span> <span class='ocrx_word' id='word_1_236' title='bbox 1135 2917 1636 2993; x_wconf 86' lang='lat' dir='ltr'><strong>complecteretur,</strong></span> <span class='ocrx_word' id='word_1_237' title='bbox 1657 2913 2017 2971; x_wconf 85' lang='lat' dir='ltr'><strong>intolerabili</strong></span> <span class='ocrx_word' id='word_1_238' title='bbox 2043 2912 2449 2971; x_wconf 83' lang='lat' dir='ltr'><strong>ostentationis</strong></span> <span class='ocrx_word' id='word_1_239' title='bbox 2476 2914 2634 2970; x_wconf 62' lang='lat' dir='ltr'><strong>insoa</strong></span> 
     </span>
     <span class='ocr_line' id='line_1_27' title="bbox 260 3008 2634 3097; baseline -0.003 -23"><span class='ocrx_word' id='word_1_240' title='bbox 260 3040 270 3047; x_wconf 95' lang='lat'>·</span> <span class='ocrx_word' id='word_1_241' title='bbox 321 3015 507 3073; x_wconf 58' lang='lat' dir='ltr'><strong>lenti&amp;</strong></span> <span class='ocrx_word' id='word_1_242' title='bbox 534 3016 619 3073; x_wconf 87' lang='lat' dir='ltr'><strong>sic</strong></span> <span class='ocrx_word' id='word_1_243' title='bbox 644 3014 1033 3091; x_wconf 86' lang='lat' dir='ltr'><strong>proculdubio</strong></span> <span class='ocrx_word' id='word_1_244' title='bbox 1058 3012 1459 3081; x_wconf 86' lang='lat' dir='ltr'><strong>baccharetur,</strong></span> <span class='ocrx_word' id='word_1_245' title='bbox 1491 3020 1564 3067; x_wconf 90' lang='lat' dir='ltr'><strong>ut</strong></span> <span class='ocrx_word' id='word_1_246' title='bbox 1591 3010 1797 3097; x_wconf 79' lang='lat' dir='ltr'><strong>lectori</strong></span> <span class='ocrx_word' id='word_1_247' title='bbox 1824 3028 1993 3066; x_wconf 88' lang='lat' dir='ltr'><strong>aures</strong></span> <span class='ocrx_word' id='word_1_248' title='bbox 2020 3008 2390 3091; x_wconf 85' lang='lat' dir='ltr'><strong>obtunderet.</strong></span> <span class='ocrx_word' id='word_1_249' title='bbox 2475 3009 2634 3070; x_wconf 74' lang='lat' dir='ltr'><strong>Cum</strong></span> 
     </span>
     <span class='ocr_line' id='line_1_28' title="bbox 320 3093 2636 3189; baseline -0.003 -15"><span class='ocrx_word' id='word_1_250' title='bbox 320 3093 465 3175; x_wconf 55' lang='lat' dir='ltr'><strong>{tero</strong></span> <span class='ocrx_word' id='word_1_251' title='bbox 492 3116 655 3173; x_wconf 74' lang='lat' dir='ltr'><strong>ultra</strong></span> <span class='ocrx_word' id='word_1_252' title='bbox 681 3114 860 3171; x_wconf 90' lang='lat' dir='ltr'><strong>unius</strong></span> <span class='ocrx_word' id='word_1_253' title='bbox 886 3113 1091 3171; x_wconf 86' lang='lat' dir='ltr'><strong>insulae</strong></span> <span class='ocrx_word' id='word_1_254' title='bbox 1128 3112 1572 3189; x_wconf 84' lang='lat' dir='ltr'><strong>descriptionem</strong></span> <span class='ocrx_word' id='word_1_255' title='bbox 1602 3116 1844 3187; x_wconf 85' lang='lat' dir='ltr'><strong>conatus</strong></span> <span class='ocrx_word' id='word_1_256' title='bbox 1872 3107 2000 3181; x_wconf 86' lang='lat' dir='ltr'><strong>ejus</strong></span> <span class='ocrx_word' id='word_1_257' title='bbox 2041 3127 2157 3163; x_wconf 92' lang='lat' dir='ltr'><strong>non</strong></span> <span class='ocrx_word' id='word_1_258' title='bbox 2190 3108 2541 3183; x_wconf 84' lang='lat' dir='ltr'><strong>perrexerit,</strong></span> <span class='ocrx_word' id='word_1_259' title='bbox 2573 3118 2636 3167; x_wconf 88' lang='lat' dir='ltr'><strong>et</strong></span> 
     </span>
     <span class='ocr_line' id='line_1_29' title="bbox 322 3206 2635 3289; baseline -0.004 -17"><span class='ocrx_word' id='word_1_260' title='bbox 322 3234 446 3273; x_wconf 82' lang='lat' dir='ltr'><strong>eam</strong></span> <span class='ocrx_word' id='word_1_261' title='bbox 472 3215 656 3289; x_wconf 87' lang='lat' dir='ltr'><strong>ipsam</strong></span> <span class='ocrx_word' id='word_1_262' title='bbox 686 3224 975 3281; x_wconf 84' lang='lat' dir='ltr'><strong>truncam,</strong></span> <span class='ocrx_word' id='word_1_263' title='bbox 999 3221 1059 3268; x_wconf 86' lang='lat' dir='ltr'><strong>et</strong></span> <span class='ocrx_word' id='word_1_264' title='bbox 1084 3212 1354 3267; x_wconf 85' lang='lat' dir='ltr'><strong>mutilam</strong></span> <span class='ocrx_word' id='word_1_265' title='bbox 1381 3209 1551 3267; x_wconf 90' lang='lat' dir='ltr'><strong>nobis</strong></span> <span class='ocrx_word' id='word_1_266' title='bbox 1578 3207 1935 3284; x_wconf 71' lang='lat' dir='ltr'><strong>exhibuerit,</strong></span> <span class='ocrx_word' id='word_1_267' title='bbox 1965 3226 2072 3281; x_wconf 84' lang='lat' dir='ltr'><strong>pro</strong></span> <span class='ocrx_word' id='word_1_268' title='bbox 2099 3206 2414 3265; x_wconf 85' lang='lat' dir='ltr'><strong>tamtenui</strong></span> <span class='ocrx_word' id='word_1_269' title='bbox 2439 3206 2635 3283; x_wconf 65' lang='lat' dir='ltr'><strong>opella</strong></span> 
     </span>
     <span class='ocr_line' id='line_1_30' title="bbox 320 3304 2439 3388; baseline -0.004 -18"><span class='ocrx_word' id='word_1_270' title='bbox 320 3314 393 3370; x_wconf 82' lang='lat' dir='ltr'><strong>ad</strong></span> <span class='ocrx_word' id='word_1_271' title='bbox 422 3314 667 3388; x_wconf 85' lang='lat' dir='ltr'><strong>gloriam</strong></span> <span class='ocrx_word' id='word_1_272' title='bbox 693 3312 935 3379; x_wconf 89' lang='lat' dir='ltr'><strong>nullam,</strong></span> <span class='ocrx_word' id='word_1_273' title='bbox 954 3311 1060 3367; x_wconf 84' lang='lat' dir='ltr'><strong>.vel</strong></span> <span class='ocrx_word' id='word_1_274' title='bbox 1085 3307 1348 3385; x_wconf 72' lang='lat' dir='ltr'><strong>profecto</strong></span> <span class='ocrx_word' id='word_1_275' title='bbox 1378 3308 1452 3365; x_wconf 89' lang='lat' dir='ltr'><strong>ad</strong></span> <span class='ocrx_word' id='word_1_276' title='bbox 1478 3306 1647 3365; x_wconf 85' lang='lat' dir='ltr'><strong>valde</strong></span> <span class='ocrx_word' id='word_1_277' title='bbox 1673 3314 1907 3365; x_wconf 86' lang='lat' dir='ltr'><strong>tenuem</strong></span> <span class='ocrx_word' id='word_1_278' title='bbox 1937 3306 2194 3381; x_wconf 85' lang='lat' dir='ltr'><strong>aspirare</strong></span> <span class='ocrx_word' id='word_1_279' title='bbox 2213 3304 2439 3362; x_wconf 87' lang='lat' dir='ltr'><strong>debuit.</strong></span> 
     </span>
     <span class='ocr_line' id='line_1_31' title="bbox 398 3404 2634 3486; baseline -0.003 -17"><span class='ocrx_word' id='word_1_280' title='bbox 398 3412 687 3469; x_wconf 84' lang='lat' dir='ltr'><strong>Recitatio</strong></span> <span class='ocrx_word' id='word_1_281' title='bbox 715 3411 945 3468; x_wconf 87' lang='lat' dir='ltr'><strong>Giraldi</strong></span> <span class='ocrx_word' id='word_1_282' title='bbox 970 3408 1468 3466; x_wconf 86' lang='lat' dir='ltr'><strong>commendatione</strong></span> <span class='ocrx_word' id='word_1_283' title='bbox 1493 3406 1692 3483; x_wconf 72' lang='lat' dir='ltr'><strong>potius</strong></span> <span class='ocrx_word' id='word_1_284' title='bbox 1735 3404 1913 3481; x_wconf 68' lang='lat' dir='ltr'><strong>quam</strong></span> <span class='ocrx_word' id='word_1_285' title='bbox 1946 3404 2245 3480; x_wconf 79' lang='lat' dir='ltr'><strong>vituperio</strong></span> <span class='ocrx_word' id='word_1_286' title='bbox 2272 3404 2634 3486; x_wconf 81' lang='lat' dir='ltr'><strong>cumulanda</strong></span> 
     </span>
     <span class='ocr_line' id='line_1_32' title="bbox 318 3498 2632 3587; baseline -0.004 -18"><span class='ocrx_word' id='word_1_287' title='bbox 318 3512 473 3569; x_wconf 86' lang='lat' dir='ltr'><strong>foret</strong></span> <span class='ocrx_word' id='word_1_288' title='bbox 491 3512 601 3571; x_wconf 85' lang='lat' dir='ltr'><strong>nisi</strong></span> <span class='ocrx_word' id='word_1_289' title='bbox 616 3510 897 3569; x_wconf 69' lang='lat' dir='ltr'><strong>cacozelia</strong></span> <span class='ocrx_word' id='word_1_290' title='bbox 916 3527 1032 3565; x_wconf 88' lang='lat' dir='ltr'><strong>non</strong></span> <span class='ocrx_word' id='word_1_291' title='bbox 1048 3507 1210 3566; x_wconf 64' lang='lat' dir='ltr'><strong>recta</strong></span> <span class='ocrx_word' id='word_1_292' title='bbox 1224 3506 1552 3563; x_wconf 83' lang='lat' dir='ltr'><strong>imitatione</strong></span> <span class='ocrx_word' id='word_1_293' title='bbox 1568 3514 1835 3587; x_wconf 84' lang='lat' dir='ltr'><strong>veterum</strong></span> <span class='ocrx_word' id='word_1_294' title='bbox 1852 3498 2140 3561; x_wconf 82' lang='lat' dir='ltr'><strong>recitandi</strong></span> <span class='ocrx_word' id='word_1_295' title='bbox 2155 3522 2374 3560; x_wconf 87' lang='lat' dir='ltr'><strong>morem</strong></span> <span class='ocrx_word' id='word_1_296' title='bbox 2391 3502 2632 3560; x_wconf 85' lang='lat' dir='ltr'><strong>retulis-</strong></span> 
     </span>
    </p>
   </div>
   <div class='ocr_carea' id='block_1_6' title="bbox 388 3643 2566 3708">
    <p class='ocr_par' dir='ltr' id='par_1_7' title="bbox 388 3643 2566 3708">
     <span class='ocr_line' id='line_1_33' title="bbox 388 3643 2566 3708; baseline -0.004 -11"><span class='ocrx_word' id='word_1_297' title='bbox 388 3653 427 3685; x_wconf 82' lang='lat' dir='ltr'><strong>u</strong></span> <span class='ocrx_word' id='word_1_298' title='bbox 453 3651 509 3697; x_wconf 84' lang='lat' dir='ltr'><strong>In</strong></span> <span class='ocrx_word' id='word_1_299' title='bbox 532 3650 630 3697; x_wconf 70' lang='lat' dir='ltr'><strong>vita</strong></span> <span class='ocrx_word' id='word_1_300' title='bbox 652 3646 739 3696; x_wconf 64' lang='lat' dir='ltr'><strong>sua</strong></span> <span class='ocrx_word' id='word_1_301' title='bbox 760 3648 883 3708; x_wconf 79' lang='lat' dir='ltr'><strong>apud</strong></span> <span class='ocrx_word' id='word_1_302' title='bbox 902 3648 1158 3695; x_wconf 69' lang='lat' dir='ltr'><strong>Unsherum</strong></span> <span class='ocrx_word' id='word_1_303' title='bbox 1179 3646 1229 3691; x_wconf 86' lang='lat' dir='ltr'><strong>in</strong></span> <span class='ocrx_word' id='word_1_304' title='bbox 1248 3644 1452 3705; x_wconf 83' lang='lat' dir='ltr'><strong>Sylloge,</strong></span> <span class='ocrx_word' id='word_1_305' title='bbox 1477 3660 1522 3705; x_wconf 87' lang='lat' dir='ltr'><strong>p.</strong></span> <span class='ocrx_word' id='word_1_306' title='bbox 1545 3646 1652 3692; x_wconf 85' lang='lat'><strong>158.</strong></span> <span class='ocrx_word' id='word_1_307' title='bbox 1719 3646 1759 3677; x_wconf 79' lang='lat'><strong>1⁵</strong></span> <span class='ocrx_word' id='word_1_308' title='bbox 1772 3643 1970 3689; x_wconf 84' lang='lat' dir='ltr'><strong>Persius.</strong></span> <span class='ocrx_word' id='word_1_309' title='bbox 2037 3646 2078 3680; x_wconf 61' lang='grc' dir='ltr'><strong><em>Β</em></strong></span> <span class='ocrx_word' id='word_1_310' title='bbox 2095 3644 2314 3691; x_wconf 77' lang='lat' dir='ltr'><strong>Proverb.</strong></span> <span class='ocrx_word' id='word_1_311' title='bbox 2337 3658 2378 3690; x_wconf 90' lang='lat' dir='ltr'><strong>c.</strong></span> <span class='ocrx_word' id='word_1_312' title='bbox 2402 3645 2566 3690; x_wconf 73' lang='lat' dir='ltr'><strong>xxvii.</strong></span> 
     </span>
    </p>
   </div>
   <div class='ocr_carea' id='block_1_7' title="bbox 322 3766 2634 3999">
    <p class='ocr_par' dir='ltr' id='par_1_8' title="bbox 322 3766 2634 3999">
     <span class='ocr_line' id='line_1_34' title="bbox 386 3766 2633 3831; baseline -0.004 -8"><span class='ocrx_word' id='word_1_313' title='bbox 386 3781 407 3805; x_wconf 57' lang='grc' dir='ltr'><strong>θ</strong></span> <span class='ocrx_word' id='word_1_314' title='bbox 431 3774 648 3823; x_wconf 72' lang='lat' dir='ltr'><strong>Gir-aldus</strong></span> <span class='ocrx_word' id='word_1_315' title='bbox 671 3779 796 3819; x_wconf 87' lang='lat' dir='ltr'><strong>must</strong></span> <span class='ocrx_word' id='word_1_316' title='bbox 816 3773 936 3818; x_wconf 84' lang='lat' dir='ltr'><strong>have</strong></span> <span class='ocrx_word' id='word_1_317' title='bbox 957 3772 1051 3817; x_wconf 81' lang='lat' dir='ltr'><strong>had</strong></span> <span class='ocrx_word' id='word_1_318' title='bbox 1079 3772 1159 3817; x_wconf 87' lang='lat' dir='ltr'><strong>the</strong></span> <span class='ocrx_word' id='word_1_319' title='bbox 1180 3770 1424 3817; x_wconf 83' lang='lat' dir='ltr'><strong>command</strong></span> <span class='ocrx_word' id='word_1_320' title='bbox 1523 3770 1582 3813; x_wconf 87' lang='lat' dir='ltr'><strong>he</strong></span> <span class='ocrx_word' id='word_1_321' title='bbox 1616 3768 1784 3813; x_wconf 83' lang='lat' dir='ltr'><strong>offered</strong></span> <span class='ocrx_word' id='word_1_322' title='bbox 1823 3772 1872 3811; x_wconf 92' lang='lat' dir='ltr'><strong>to</strong></span> <span class='ocrx_word' id='word_1_323' title='bbox 1909 3766 2070 3827; x_wconf 78' lang='lat' dir='ltr'><strong>defi-ay</strong></span> <span class='ocrx_word' id='word_1_324' title='bbox 2101 3766 2167 3813; x_wconf 76' lang='lat' dir='ltr'><strong>all</strong></span> <span class='ocrx_word' id='word_1_325' title='bbox 2205 3768 2284 3813; x_wconf 80' lang='lat' dir='ltr'><strong>the</strong></span> <span class='ocrx_word' id='word_1_326' title='bbox 2321 3780 2548 3831; x_wconf 81' lang='lat' dir='ltr'><strong>expenses</strong></span> <span class='ocrx_word' id='word_1_327' title='bbox 2583 3774 2633 3814; x_wconf 84' lang='lat' dir='ltr'><strong>to</strong></span> 
     </span>
     <span class='ocr_line' id='line_1_35' title="bbox 322 3852 2634 3916; baseline -0.002 -13"><span class='ocrx_word' id='word_1_328' title='bbox 322 3860 373 3903; x_wconf 78' lang='lat' dir='ltr'><strong>of</strong></span> <span class='ocrx_word' id='word_1_329' title='bbox 388 3858 697 3904; x_wconf 83' lang='lat' dir='ltr'><strong>considerable</strong></span> <span class='ocrx_word' id='word_1_330' title='bbox 717 3856 903 3904; x_wconf 85' lang='lat' dir='ltr'><strong>wealth.</strong></span> <span class='ocrx_word' id='word_1_331' title='bbox 952 3857 1137 3916; x_wconf 86' lang='lat' dir='ltr'><strong>During</strong></span> <span class='ocrx_word' id='word_1_332' title='bbox 1158 3856 1235 3902; x_wconf 86' lang='lat' dir='ltr'><strong>the</strong></span> <span class='ocrx_word' id='word_1_333' title='bbox 1257 3854 1423 3902; x_wconf 81' lang='lat' dir='ltr'><strong>second</strong></span> <span class='ocrx_word' id='word_1_334' title='bbox 1522 3852 1676 3899; x_wconf 82' lang='lat' dir='ltr'><strong>which</strong></span> <span class='ocrx_word' id='word_1_335' title='bbox 1709 3854 1789 3898; x_wconf 82' lang='lat' dir='ltr'><strong>the</strong></span> <span class='ocrx_word' id='word_1_336' title='bbox 1823 3852 2008 3899; x_wconf 84' lang='lat' dir='ltr'><strong>Canons</strong></span> <span class='ocrx_word' id='word_1_337' title='bbox 2041 3852 2192 3911; x_wconf 76' lang='lat' dir='ltr'><strong>might</strong></span> <span class='ocrx_word' id='word_1_338' title='bbox 2225 3852 2281 3899; x_wconf 87' lang='lat' dir='ltr'><strong>be</strong></span> <span class='ocrx_word' id='word_1_339' title='bbox 2309 3852 2546 3911; x_wconf 70' lang='lat' dir='ltr'><strong>subJected</strong></span> <span class='ocrx_word' id='word_1_340' title='bbox 2579 3852 2634 3898; x_wconf 84' lang='lat' dir='ltr'><strong>in</strong></span> 
     </span>
     <span class='ocr_line' id='line_1_36' title="bbox 322 3938 1929 3999; baseline -0.004 -10"><span class='ocrx_word' id='word_1_341' title='bbox 322 3946 500 3989; x_wconf 80' lang='lat' dir='ltr'><strong>contest</strong></span> <span class='ocrx_word' id='word_1_342' title='bbox 520 3942 589 3987; x_wconf 77' lang='lat' dir='ltr'><strong>for</strong></span> <span class='ocrx_word' id='word_1_343' title='bbox 609 3944 689 3989; x_wconf 83' lang='lat' dir='ltr'><strong>the</strong></span> <span class='ocrx_word' id='word_1_344' title='bbox 710 3956 781 3989; x_wconf 84' lang='lat' dir='ltr'><strong>see</strong></span> <span class='ocrx_word' id='word_1_345' title='bbox 810 3944 862 3989; x_wconf 73' lang='lat' dir='ltr'><strong>of</strong></span> <span class='ocrx_word' id='word_1_346' title='bbox 890 3942 958 3989; x_wconf 86' lang='lat' dir='ltr'><strong>St.</strong></span> <span class='ocrx_word' id='word_1_347' title='bbox 978 3942 1185 3999; x_wconf 79' lang='lat' dir='ltr'><strong>David&#39;s,</strong></span> <span class='ocrx_word' id='word_1_348' title='bbox 1204 3942 1253 3988; x_wconf 83' lang='lat' dir='ltr'><strong>in</strong></span> <span class='ocrx_word' id='word_1_349' title='bbox 1282 3942 1418 3996; x_wconf 77' lang='lat'><strong>1198,</strong></span> <span class='ocrx_word' id='word_1_350' title='bbox 1523 3938 1796 3998; x_wconf 76' lang='lat' dir='ltr'><strong>supporting</strong></span> <span class='ocrx_word' id='word_1_351' title='bbox 1817 3938 1929 3983; x_wconf 84' lang='lat' dir='ltr'><strong>him.</strong></span> 
     </span>
    </p>
   </div>
  </div>
 </body>
</html>
