2834 4467
374 187 455 250 74
1111 207 1424 252 amsi-ou
1455 205 1923 253 nnnrcaronn.

364 367 563 416 vestro
587 377 767 433 regno
794 377 911 418 non
929 378 1095 436 posse
1120 379 1237 418 non
1264 361 1451 419 creari
1478 361 1626 418 falso
1645 361 1888 438 quidem
1913 369 2246 433 autumant,
2269 365 2477 422 Jacobi
2495 365 2674 441 Regis

364 459 601 516 oraculo
628 459 973 534 refragante,
1004 458 1277 518 dicentis:
1311 466 1347 492 “
1369 459 1666 516 Historias
1691 460 1991 518 abundare
2017 463 2304 538 exemplis
2325 462 2670 520 florentissi-

362 574 591 613 marum
634 547 1021 616 ecclesiarum
1045 559 1157 616 sub
1184 559 1490 615 contrariae
1531 559 1830 634 religionis
1871 559 2256 636 principe¹⁶⁶.”
2333 562 2454 619 Cui
2477 571 2671 620 vester

360 655 704 714 felicissimis
730 657 1021 714 memoriae
1047 664 1217 732 pater
1244 657 1492 715 Carolus
1517 657 1648 715 Rex
1673 657 1736 714 in
1764 637 2012 733 egregiis
2039 658 2164 715 suis
2189 658 2671 716 meditationibus

360 753 737 830 suffragatur,
768 755 1058 814 affirmans
1082 753 1325 814 moleste
1354 775 1415 813 se
1441 755 1596 814 ferre
1629 753 1795 831 quod
1821 755 2074 832 Papistae
2099 757 2472 838 adrobsequii
2497 757 2670 815 fidem

359 852 785 928 adimplendam
810 855 1159 912 accuratiori
1174 853 1319 912 cura
1334 855 1699 924 incumbant,
1713 857 1894 930 quam
1913 856 2094 912 multi
2111 857 2668 914 Protestantismnm

358 952 617 1027 professi,
649 954 755 1028 qui
792 954 1039 1028 pessima
1078 953 1351 1030 dogmata
1385 947 1420 1010 a
1453 954 1702 1028 pessimo
1738 953 2113 1030 Papistarum
2155 973 2375 1031 genere
2407 954 2669 1012 hausisse

358 1034 657 1110 videntur.
700 1051 873 1120 Qusd
898 1052 973 1110 ad
999 1052 1171 1110 fidem
1196 1053 1576 1128 Principibus
1595 1072 1629 1110 a
1647 1053 1962 1111 Catholicis
1987 1053 2324 1112 Hiberniois
2343 1053 2668 1130 praestitam

358 1150 574 1210 attinet
596 1153 719 1226 jam
746 1161 895 1210 ante*
910 1151 1139 1209 ostendi
1165 1145 1335 1226 quod*

898 1290 1137 1349 “Semper
1160 1289 1474 1336 Hiberum-um
1496 1291 1646 1350 Reges
1665 1297 1983 1354 permanserat
2003 1305 2128 1352 erga,

942 1375 1245 1436 Temporibus
1265 1376 1405 1434 dui-Is,
1430 1375 1658 1422 inviolata
1677 1376 1836 1423 fides.”

475 1503 558 1569 Et
585 1491 709 1579 ipse
737 1500 1065 1558 Catholicos
1094 1502 1388 1558 Hibernos
1423 1500 1568 1559 fidos
1607 1501 1788 1558 fuisse
1824 1509 1955 1557 tum
1982 1500 2374 1577 proculdubio
2400 1501 2662 1558 animum

358 1601 667 1669 induxisti,
699 1599 832 1656 cum
858 1599 922 1655 in
965 1605 1001 1630 ‘⁶
1024 1599 1476 1657 Declaratione„
1505 1607 1566 1656 et
1591 1599 1769 1655 variis
1796 1597 1924 1654 aliis
1965 1598 2386 1675 diplomatibus
2415 1599 2663 1676 “Papis-

140 1696 333 1762 [xxiv]
361 1701 435 1757 tis
460 1699 471 1778 Ι
495 1698 965 1767 innocentibus,”
986 1699 1049 1756 id
1068 1707 1173 1768 est,
1186 1698 1352 1756 nullo
1368 1698 1483 1756 alio
1503 1697 1681 1772 quam
1700 1697 1998 1772 religionis
2019 1697 2262 1754 crimine
2277 1697 2391 1754 reis
2408 1699 2664 1773 priorem

357 1797 749 1855 conditionem
777 1796 1057 1874 elargitus
1086 1817 1160 1855 es.
1245 1795 1404 1866 Quid
1432 1796 1590 1871 quod
1631 1796 1785 1854 sicut
1819 1795 1994 1854 fidem
2026 1814 2164 1872 erga
2190 1797 2525 1874 Principem
2558 1797 2664 1854 Ca-

357 1896 575 1954 tholica
602 1895 825 1972 religi0,
858 1896 939 1952 sic
966 1915 1071 1953 nec
1114 1896 1363 1953 salutem
1412 1895 1618 1952 animae
1656 1895 2082 1970 sempiternam,
2112 1894 2462 1964 adversariis
2487 1897 2664 1952 etiam

356 1995 696 2063 fatentibuS‚
745 2014 863 2052 non
916 1995 1127 2052 aufert.
1210 1993 1505 2050 Henricus
1546 1994 1799 2071 Magnus
1852 1993 2056 2053 Galliae
2101 1993 2247 2063 Rex,
2290 2003 2364 2051 ut
2409 1995 2665 2052 fertur¹⁶⁶

358 2094 696 2151 ministrum
726 2093 1014 2170 quendam
1042 2093 1389 2162 sciscitatuS,
1418 2112 1564 2150 num
1591 2093 1686 2149 via
1713 2093 1968 2169 Papistis
1996 2093 2058 2149 in
2086 2094 2297 2151 coelum
2323 2102 2542 2170 pateat,
2575 2114 2663 2152 re-

352 2215 631 2272 sponsum
668 2196 815 2252 tulit
842 2195 1109 2270 Papistas
1149 2212 1254 2268 per
1281 2193 1483 2268 longos
1519 2193 1727 2260 flexuS,
1770 2185 2112 2250 reformatos
2147 2192 2309 2250 recta
2349 2193 2413 2248 in
2453 2193 2661 2250 coelum

355 2294 624 2352 tendere:
668 2296 844 2371 Erg0,
876 2292 1079 2351 subdit
1106 2293 1252 2362 Rex,
1284 2292 1499 2349 certior
1527 2300 1618 2348 est
1645 2291 1952 2366 Papisticae
1978 2285 2278 2366 religionis
2306 2291 2608 2376 securitas,
2631 2311 2663 2348 a

351 2394 447 2468 cuj
458 2413 526 2451 us
552 2393 976 2471 professoribus
1004 2392 1215 2448 coelum
1232 2379 1397 2448 'adiri
1437 2410 1603 2468 posse
1641 2393 1898 2465 utraque
1937 2410 2070 2467 pars
2110 2391 2450 2459 assentitur,
2482 2393 2664 2466 quam

350 2497 580 2557 nostrie,
611 2489 783 2563 cujus
810 2490 1157 2565 professores
1194 2500 1316 2552 u'na
1340 2489 1476 2565 pa'rs
1503 2488 1660 2545 coelis
1689 2488 1900 2564 excipi,
1935 2488 2048 2544 alia
2075 2489 2312 2545 excludi
2328 2489 2659 2549 contendit.

351 2587 424 2643 In
452 2585 736 2662 Apologia
756 2585 1285 2643 Protestantium¹⁶⁷
1309 2585 1512 2662 plures
1539 2585 1939 2643 Protestantes
1977 2585 2240 2643 doctores
2270 2587 2660 2662 proferuntur

351 2685 667 2742 sentientes
696 2685 1049 2760 Papisticam
1077 2684 1422 2767 religionem
1443 2686 1587 2742 coelo
1607 2685 1898 2741 neminem
1919 2685 2252 2742 excludere.
2311 2685 2384 2742 In
2405 2705 2660 2760 quorum

350 2773 697 2840 sententiam
727 2781 1015 2858 Georgius
1044 2782 1323 2840 Abbotus
1344 2782 1631 2839 Wfllelmi
1653 2782 1842 2838 Laudi
1869 2783 1932 2838 in
1953 2781 2483 2860 Archiepiscopatu
2511 2785 2658 2842 Can-

348 2879 631 2937 tuariensi
652 2880 913 2938 decessor
940 2881 1247 2938 concessit:
1277 2880 1341 2936 in
1362 2880 1731 2956 responsione
1751 2880 1824 2937 ad
1843 2881 1988 2949 Hill,
2008 2877 2082 2936 ad
2098 2881 2384 2938 rationem
2409 2882 2660 2958 primam

348 2972 379 3058 ξ
406 2980 611 3057 primo,
694 2980 1054 3054 Pervagatus
1081 2979 1257 3037 etiam
1283 2979 1344 3036 in
1375 2998 1474 3036 ore
1508 2979 1676 3055 vulgi
1713 2998 1900 3036 sermo
1937 2987 2027 3036 est
2063 2999 2123 3038 se
2165 2979 2332 3038 tanta
2373 2979 2658 3039 charitate

348 3079 409 3137 in
440 3079 767 3149 catholicos
794 3079 952 3148 ferri,
982 3087 1054 3135 ut
1082 3097 1178 3136 eos
1206 3077 1425 3135 aeterni‘i
1463 3078 1748 3135 felicitate
1783 3077 1986 3135 donari
2012 3098 2181 3155 posse
2205 3098 2323 3136 non
2350 3077 2655 3156 denegent,

347 3187 407 3236 et
426 3178 727 3238 charitatis
745 3177 954 3254 inopiae
968 3176 1282 3236 Catholicis
1300 3159 1460 3245 dant,
1476 3176 1636 3251 quod
1655 3177 1900 3234 similem
1920 3178 2251 3255 opinionem
2268 3179 2340 3236 de
2355 3179 2657 3255 religionis

345 3278 670 3336 reformatae
698 3276 1125 3353 professoribus
1166 3295 1283 3332 non
1318 3277 1628 3333 imbibant.
1713 3275 1938 3346 Quare,
1954 3275 2088 3333 cum
2118 3276 2415 3335 Catholica
2450 3277 2657 3353 religio

346 3395 451 3435 neo
476 3376 969 3454 administrationi
996 3375 1263 3452 Reipub2,
1283 3395 1391 3433 nec
1417 3375 1596 3433 saluti
1623 3375 1948 3433 animarum
1977 3375 2208 3446 officiat,
2239 3373 2412 3434 enixe
2441 3375 2655 3452 Majes-

304 3595 309 3601 -
399 3534 469 3592 ⁵¹⁶³
486 3563 646 3609 Defen.
666 3563 759 3622 Jur.
782 3576 878 3622 reg.
903 3576 947 3622 p.
976 3563 1083 3610 178.
1177 3557 1237 3590 ¹⁶⁶
1260 3561 1480 3620 Spondan
1511 3561 1562 3607 in
1593 3560 1765 3607 contin.
1790 3561 1899 3608 Bar.
1923 3526 2094 3608 Veron.
2123 3560 2173 3607 in
2194 3561 2374 3620 probat.
2398 3560 2656 3609 veritatum

347 3626 574 3676 Catholic.
599 3641 643 3686 p.
670 3629 747 3674 97.
818 3623 875 3660 ¹⁶⁷
894 3627 1023 3674 Part.
1051 3627 1083 3671 i.
1102 3639 1142 3672 c.
1166 3626 1215 3672 ii.
1241 3631 1348 3672 sect.
1371 3627 1448 3672 14.
1510 3681 1514 3688 .
2269 3661 2273 3666 .

344 3751 471 3797 rians
488 3751 557 3796 for
572 3751 801 3809 violating
823 3751 903 3796 the
918 3750 1011 3795 last
1032 3748 1313 3808 edict.”—p.
1337 3749 1446 3795 694.
1549 3748 1647 3806 lica,
1687 3749 1754 3808 by
1785 3748 1938 3808 Royal
1969 3748 2142 3806 letters,
2175 3749 2374 3796 without
2411 3763 2512 3810 any
2549 3765 2652 3810 pre-

416 3832 742 3892 *Anglo-Irish
757 3833 956 3890 Ireland,
967 3833 1052 3878 i.e.
1062 3837 1212 3879 towns
1226 3833 1317 3880 and
1330 3832 1448 3892 pale.
1551 3833 1684 3880 vicus
1705 3833 1812 3880 trial
1835 3835 1886 3880 of
1901 3829 2147 3900 innocense
2167 3835 2318 3881 before
2333 3835 2414 3881 the
2437 3837 2589 3884 court
2611 3839 2662 3885 of

414 3915 430 3958 j
450 3917 641 3966 Chai-les
665 3917 729 3963 Π.
754 3917 849 3964 had
874 3917 1076 3963 restored
1109 3930 1252 3976 many
1276 3917 1450 3964 Catho-
1555 3917 1741 3968 Claims.
1812 3917 1896 3966 See
1919 3917 2038 3964 close
2059 3919 2112 3964 of
2125 3923 2232 3966 note
2253 3915 2289 3976 ¹¹,
2314 3933 2359 3978 p.
2385 3921 2465 3967 78.
