<?xml version="1.0" encoding="UTF-8"?>
<!DOCTYPE html PUBLIC "-//W3C//DTD XHTML 1.0 Transitional//EN"
    "http://www.w3.org/TR/xhtml1/DTD/xhtml1-transitional.dtd">
<html xmlns="http://www.w3.org/1999/xhtml" xml:lang="en" lang="en">
 <head>
  <title>
</title>
<meta http-equiv="Content-Type" content="text/html;charset=utf-8" />
  <meta name='ocr-system' content='tesseract 3.04.00' />
  <meta name='ocr-capabilities' content='ocr_page ocr_carea ocr_par ocr_line ocrx_word'/>
</head>
<body>
  <div class='ocr_page' id='page_1' title='image "./cambrensisevers05kellgoog_0308.png"; bbox 0 0 2834 4467; ppageno 0'>
   <div class='ocr_carea' id='block_1_1' title="bbox 363 172 2685 278">
    <p class='ocr_par' dir='ltr' id='par_1_1' title="bbox 363 172 2685 278">
     <span class='ocr_line' id='line_1_1' title="bbox 363 172 2685 278; baseline 0.005 -25"><span class='ocrx_word' id='word_1_1' title='bbox 363 190 486 254; x_wconf 79' lang='lat'><strong>286</strong></span> <span class='ocrx_word' id='word_1_2' title='bbox 1132 210 1545 257; x_wconf 61' lang='lat' dir='ltr'><strong>cannnnnsoe</strong></span> <span class='ocrx_word' id='word_1_3' title='bbox 1573 172 1880 261; x_wconf 35' lang='lat' dir='ltr'><strong>nvnnsusae</strong></span> <span class='ocrx_word' id='word_1_4' title='bbox 2408 212 2559 278; x_wconf 53' lang='lat' dir='ltr'><strong>[cir.</strong></span> <span class='ocrx_word' id='word_1_5' title='bbox 2592 216 2685 264; x_wconf 81' lang='lat' dir='ltr'><strong>lv.</strong></span> 
     </span>
    </p>
   </div>
   <div class='ocr_carea' id='block_1_2' title="bbox 317 350 2687 933">
    <p class='ocr_par' dir='ltr' id='par_1_2' title="bbox 317 350 2687 933">
     <span class='ocr_line' id='line_1_2' title="bbox 360 350 2681 441; baseline 0.002 -23"><span class='ocrx_word' id='word_1_6' title='bbox 360 361 684 433; x_wconf 79' lang='lat' dir='ltr'><strong>Patricius)</strong></span> <span class='ocrx_word' id='word_1_7' title='bbox 713 380 882 421; x_wconf 87' lang='lat' dir='ltr'><strong>nemo</strong></span> <span class='ocrx_word' id='word_1_8' title='bbox 911 370 1136 419; x_wconf 80' lang='lat' dir='ltr'><strong>tantam</strong></span> <span class='ocrx_word' id='word_1_9' title='bbox 1163 363 1436 441; x_wconf 80' lang='lat' dir='ltr'><strong>peritiam</strong></span> <span class='ocrx_word' id='word_1_10' title='bbox 1464 364 1677 422; x_wconf 87' lang='lat' dir='ltr'><strong>habere</strong></span> <span class='ocrx_word' id='word_1_11' title='bbox 1704 350 2027 422; x_wconf 87' lang='lat' dir='ltr'><strong>censendus</strong></span> <span class='ocrx_word' id='word_1_12' title='bbox 2055 374 2162 434; x_wconf 86' lang='lat' dir='ltr'><strong>est,</strong></span> <span class='ocrx_word' id='word_1_13' title='bbox 2206 373 2279 422; x_wconf 91' lang='lat' dir='ltr'><strong>ut</strong></span> <span class='ocrx_word' id='word_1_14' title='bbox 2306 384 2506 423; x_wconf 88' lang='lat' dir='ltr'><strong>earum</strong></span> <span class='ocrx_word' id='word_1_15' title='bbox 2533 384 2681 441; x_wconf 86' lang='lat' dir='ltr'><strong>per-</strong></span> 
     </span>
     <span class='ocr_line' id='line_1_3' title="bbox 358 463 2687 541; baseline 0.002 -22"><span class='ocrx_word' id='word_1_16' title='bbox 358 464 568 520; x_wconf 83' lang='lat' dir='ltr'><strong>fectam</strong></span> <span class='ocrx_word' id='word_1_17' title='bbox 595 463 904 521; x_wconf 76' lang='lat' dir='ltr'><strong>historiam</strong></span> <span class='ocrx_word' id='word_1_18' title='bbox 931 465 1184 522; x_wconf 89' lang='lat' dir='ltr'><strong>scribere</strong></span> <span class='ocrx_word' id='word_1_19' title='bbox 1209 464 1473 541; x_wconf 85' lang='lat' dir='ltr'><strong>possit¹.”</strong></span> <span class='ocrx_word' id='word_1_20' title='bbox 1532 466 1654 523; x_wconf 91' lang='lat' dir='ltr'><strong>Nec</strong></span> <span class='ocrx_word' id='word_1_21' title='bbox 1680 466 1755 522; x_wconf 93' lang='lat' dir='ltr'><strong>ob</strong></span> <span class='ocrx_word' id='word_1_22' title='bbox 1783 466 1954 521; x_wconf 90' lang='lat' dir='ltr'><strong>aliam</strong></span> <span class='ocrx_word' id='word_1_23' title='bbox 1982 466 2189 541; x_wconf 85' lang='lat' dir='ltr'><strong>opinor</strong></span> <span class='ocrx_word' id='word_1_24' title='bbox 2210 485 2441 523; x_wconf 88' lang='lat' dir='ltr'><strong>causam</strong></span> <span class='ocrx_word' id='word_1_25' title='bbox 2468 466 2687 524; x_wconf 89' lang='lat' dir='ltr'><strong>Ferdi-</strong></span> 
     </span>
     <span class='ocr_line' id='line_1_4' title="bbox 357 560 2687 639; baseline 0.001 -22"><span class='ocrx_word' id='word_1_26' title='bbox 357 560 586 618; x_wconf 83' lang='lat' dir='ltr'><strong>naudus</strong></span> <span class='ocrx_word' id='word_1_27' title='bbox 608 561 835 637; x_wconf 86' lang='lat' dir='ltr'>Regum</span> <span class='ocrx_word' id='word_1_28' title='bbox 864 562 958 618; x_wconf 87' lang='lat' dir='ltr'><strong>sui</strong></span> <span class='ocrx_word' id='word_1_29' title='bbox 987 562 1269 639; x_wconf 88' lang='lat' dir='ltr'><strong>temporis</strong></span> <span class='ocrx_word' id='word_1_30' title='bbox 1295 561 1791 638; x_wconf 85' lang='lat' dir='ltr'><strong>prudentissimus</strong></span> <span class='ocrx_word' id='word_1_31' title='bbox 1817 562 2030 619; x_wconf 91' lang='lat' dir='ltr'><strong>maluit</strong></span> <span class='ocrx_word' id='word_1_32' title='bbox 2048 562 2273 620; x_wconf 80' lang='lat' dir='ltr'><strong>homini</strong></span> <span class='ocrx_word' id='word_1_33' title='bbox 2292 564 2687 639; x_wconf 86' lang='lat' dir='ltr'><strong>grammatico</strong></span> 
     </span>
     <span class='ocr_line' id='line_1_5' title="bbox 359 658 2685 735; baseline 0.002 -20"><span class='ocrx_word' id='word_1_34' title='bbox 359 658 624 735; x_wconf 89' lang='lat' dir='ltr'><strong>Hispano</strong></span> <span class='ocrx_word' id='word_1_35' title='bbox 653 678 833 734; x_wconf 85' lang='lat' dir='ltr'><strong>quam</strong></span> <span class='ocrx_word' id='word_1_36' title='bbox 864 660 1094 735; x_wconf 84' lang='lat' dir='ltr'><strong>Angelo</strong></span> <span class='ocrx_word' id='word_1_37' title='bbox 1121 660 1433 729; x_wconf 81' lang='lat' dir='ltr'><strong>PolitianO,</strong></span> <span class='ocrx_word' id='word_1_38' title='bbox 1481 661 1795 717; x_wconf 76' lang='lat' dir='ltr'><strong>Hermolao</strong></span> <span class='ocrx_word' id='word_1_39' title='bbox 1824 662 2101 730; x_wconf 90' lang='lat' dir='ltr'><strong>Barbaro,</strong></span> <span class='ocrx_word' id='word_1_40' title='bbox 2146 669 2251 717; x_wconf 89' lang='lat' dir='ltr'><strong>aut</strong></span> <span class='ocrx_word' id='word_1_41' title='bbox 2277 662 2419 719; x_wconf 89' lang='lat' dir='ltr'><strong>Pico</strong></span> <span class='ocrx_word' id='word_1_42' title='bbox 2446 662 2685 719; x_wconf 81' lang='lat' dir='ltr'><strong>Miran-</strong></span> 
     </span>
     <span class='ocr_line' id='line_1_6' title="bbox 317 756 2685 833; baseline 0.002 -20"><span class='ocrx_word' id='word_1_43' title='bbox 317 830 320 833; x_wconf 17' lang='grc' dir='ltr'>ι</span> <span class='ocrx_word' id='word_1_44' title='bbox 357 756 513 814; x_wconf 85' lang='lat' dir='ltr'><strong>dulae</strong></span> <span class='ocrx_word' id='word_1_45' title='bbox 538 756 878 814; x_wconf 89' lang='lat' dir='ltr'><strong>hominibus</strong></span> <span class='ocrx_word' id='word_1_46' title='bbox 895 758 1064 815; x_wconf 87' lang='lat' dir='ltr'><strong>Italis</strong></span> <span class='ocrx_word' id='word_1_47' title='bbox 1091 767 1238 815; x_wconf 88' lang='lat' dir='ltr'><strong>tunc</strong></span> <span class='ocrx_word' id='word_1_48' title='bbox 1265 757 1597 815; x_wconf 81' lang='lat' dir='ltr'><strong>eruditione</strong></span> <span class='ocrx_word' id='word_1_49' title='bbox 1616 766 1677 815; x_wconf 92' lang='lat' dir='ltr'><strong>et</strong></span> <span class='ocrx_word' id='word_1_50' title='bbox 1692 758 2026 833; x_wconf 85' lang='lat' dir='ltr'><strong>eloquentia</strong></span> <span class='ocrx_word' id='word_1_51' title='bbox 2046 760 2437 817; x_wconf 82' lang='lat' dir='ltr'><strong>celeberrimis</strong></span> <span class='ocrx_word' id='word_1_52' title='bbox 2467 780 2685 817; x_wconf 87' lang='lat' dir='ltr'><strong>rerum</strong></span> 
     </span>
     <span class='ocr_line' id='line_1_7' title="bbox 357 831 2685 933; baseline 0.002 -23"><span class='ocrx_word' id='word_1_53' title='bbox 357 874 390 910; x_wconf 91' lang='lat' dir='ltr'><strong>a</strong></span> <span class='ocrx_word' id='word_1_54' title='bbox 417 874 478 911; x_wconf 88' lang='lat' dir='ltr'><strong>se</strong></span> <span class='ocrx_word' id='word_1_55' title='bbox 497 863 557 911; x_wconf 91' lang='lat' dir='ltr'><strong>et</strong></span> <span class='ocrx_word' id='word_1_56' title='bbox 577 831 826 913; x_wconf 83' lang='lat' dir='ltr'><strong>Isabella</strong></span> <span class='ocrx_word' id='word_1_57' title='bbox 847 856 1096 930; x_wconf 83' lang='lat' dir='ltr'><strong>conjuge</strong></span> <span class='ocrx_word' id='word_1_58' title='bbox 1115 864 1412 930; x_wconf 85' lang='lat' dir='ltr'><strong>gestarum</strong></span> <span class='ocrx_word' id='word_1_59' title='bbox 1438 856 1810 931; x_wconf 81' lang='lat' dir='ltr'><strong>scriptionem</strong></span> <span class='ocrx_word' id='word_1_60' title='bbox 1838 857 2219 915; x_wconf 88' lang='lat' dir='ltr'><strong>committere.</strong></span> <span class='ocrx_word' id='word_1_61' title='bbox 2282 859 2413 933; x_wconf 88' lang='lat' dir='ltr'><strong>Ipse</strong></span> <span class='ocrx_word' id='word_1_62' title='bbox 2432 878 2685 933; x_wconf 88' lang='lat' dir='ltr'><strong>quoque</strong></span> 
     </span>
    </p>
   </div>
   <div class='ocr_carea' id='block_1_3' title="bbox 252 944 2678 1029">
    <p class='ocr_par' dir='ltr' id='par_1_3' title="bbox 252 944 2678 1029">
     <span class='ocr_line' id='line_1_8' title="bbox 252 944 2678 1029; baseline 0.002 -21"><span class='ocrx_word' id='word_1_63' title='bbox 252 944 258 949; x_wconf 58' lang='grc'><em>’</em></span> <span class='ocrx_word' id='word_1_64' title='bbox 355 952 416 1008; x_wconf 91' lang='lat' dir='ltr'>N</span> <span class='ocrx_word' id='word_1_65' title='bbox 417 952 756 1009; x_wconf 72' lang='lat' dir='ltr'><strong>ebrissensm</strong></span> <span class='ocrx_word' id='word_1_66' title='bbox 797 954 902 1028; x_wconf 87' lang='lat' dir='ltr'><strong>qui</strong></span> <span class='ocrx_word' id='word_1_67' title='bbox 931 972 1056 1009; x_wconf 89' lang='lat' dir='ltr'><strong>eam</strong></span> <span class='ocrx_word' id='word_1_68' title='bbox 1083 947 1388 1009; x_wconf 84' lang='lat' dir='ltr'><strong>historiam</strong></span> <span class='ocrx_word' id='word_1_69' title='bbox 1425 972 1579 1029; x_wconf 91' lang='lat' dir='ltr'><strong>puro</strong></span> <span class='ocrx_word' id='word_1_70' title='bbox 1604 953 1839 1028; x_wconf 87' lang='lat' dir='ltr'><strong>quidem</strong></span> <span class='ocrx_word' id='word_1_71' title='bbox 1868 972 2146 1023; x_wconf 87' lang='lat' dir='ltr'><strong>sermone,</strong></span> <span class='ocrx_word' id='word_1_72' title='bbox 2192 964 2253 1012; x_wconf 93' lang='lat' dir='ltr'><strong>et</strong></span> <span class='ocrx_word' id='word_1_73' title='bbox 2280 956 2507 1014; x_wconf 85' lang='lat' dir='ltr'><strong>sincera</strong></span> <span class='ocrx_word' id='word_1_74' title='bbox 2532 956 2678 1026; x_wconf 83' lang='lat' dir='ltr'><strong>fide,</strong></span> 
     </span>
    </p>
   </div>
   <div class='ocr_carea' id='block_1_4' title="bbox 288 1041 2679 3589">
    <p class='ocr_par' dir='ltr' id='par_1_4' title="bbox 288 1041 2679 1815">
     <span class='ocr_line' id='line_1_9' title="bbox 288 1041 2679 1128; baseline 0.004 -22"><span class='ocrx_word' id='word_1_75' title='bbox 288 1041 295 1047; x_wconf 33' lang='lat'>³</span> <span class='ocrx_word' id='word_1_76' title='bbox 356 1052 618 1107; x_wconf 89' lang='lat' dir='ltr'><strong>omnium</strong></span> <span class='ocrx_word' id='word_1_77' title='bbox 646 1051 980 1109; x_wconf 86' lang='lat' dir='ltr'><strong>testimonio</strong></span> <span class='ocrx_word' id='word_1_78' title='bbox 1009 1053 1259 1128; x_wconf 83' lang='lat' dir='ltr'><strong>scripsit,</strong></span> <span class='ocrx_word' id='word_1_79' title='bbox 1301 1053 1362 1109; x_wconf 92' lang='lat' dir='ltr'><strong>in</strong></span> <span class='ocrx_word' id='word_1_80' title='bbox 1391 1054 1499 1111; x_wconf 62' lang='lat' dir='ltr'><strong>sua</strong></span> <span class='ocrx_word' id='word_1_81' title='bbox 1526 1054 1597 1110; x_wconf 87' lang='lat' dir='ltr'><strong>ad</strong></span> <span class='ocrx_word' id='word_1_82' title='bbox 1628 1054 2063 1112; x_wconf 87' lang='lat' dir='ltr'><strong>Ferdinandum</strong></span> <span class='ocrx_word' id='word_1_83' title='bbox 2091 1055 2456 1113; x_wconf 88' lang='lat' dir='ltr'><strong>dedicatione</strong></span> <span class='ocrx_word' id='word_1_84' title='bbox 2478 1057 2679 1116; x_wconf 70' lang='lat' dir='ltr'><strong>libere</strong></span> 
     </span>
     <span class='ocr_line' id='line_1_10' title="bbox 353 1149 2679 1231; baseline 0.003 -25"><span class='ocrx_word' id='word_1_85' title='bbox 353 1149 689 1225; x_wconf 84' lang='lat' dir='ltr'><strong>profitetur,</strong></span> <span class='ocrx_word' id='word_1_86' title='bbox 727 1150 1023 1209; x_wconf 88' lang='lat' dir='ltr'><strong>hominem</strong></span> <span class='ocrx_word' id='word_1_87' title='bbox 1060 1161 1376 1212; x_wconf 81' lang='lat' dir='ltr'><strong>externum</strong></span> <span class='ocrx_word' id='word_1_88' title='bbox 1424 1172 1501 1210; x_wconf 81' lang='lat' dir='ltr'><strong>ex</strong></span> <span class='ocrx_word' id='word_1_89' title='bbox 1536 1154 1728 1209; x_wconf 88' lang='lat' dir='ltr'><strong>animo</strong></span> <span class='ocrx_word' id='word_1_90' title='bbox 1770 1160 1867 1211; x_wconf 66' lang='lat' dir='ltr'><strong>“res</strong></span> <span class='ocrx_word' id='word_1_91' title='bbox 1904 1154 2147 1212; x_wconf 85' lang='lat' dir='ltr'><strong>alterius</strong></span> <span class='ocrx_word' id='word_1_92' title='bbox 2188 1156 2382 1231; x_wconf 84' lang='lat' dir='ltr'><strong>gentis</strong></span> <span class='ocrx_word' id='word_1_93' title='bbox 2415 1156 2679 1214; x_wconf 85' lang='lat' dir='ltr'><strong>scribere</strong></span> 
     </span>
     <span class='ocr_line' id='line_1_11' title="bbox 352 1252 2677 1331; baseline 0.003 -27"><span class='ocrx_word' id='word_1_94' title='bbox 352 1268 470 1305; x_wconf 90' lang='lat' dir='ltr'><strong>non</strong></span> <span class='ocrx_word' id='word_1_95' title='bbox 497 1268 680 1325; x_wconf 88' lang='lat' dir='ltr'><strong>posse,</strong></span> <span class='ocrx_word' id='word_1_96' title='bbox 723 1270 932 1326; x_wconf 88' lang='lat' dir='ltr'><strong>resque</strong></span> <span class='ocrx_word' id='word_1_97' title='bbox 961 1252 1306 1327; x_wconf 88' lang='lat' dir='ltr'><strong>Hispanicas</strong></span> <span class='ocrx_word' id='word_1_98' title='bbox 1334 1272 1451 1309; x_wconf 87' lang='lat' dir='ltr'><strong>non</strong></span> <span class='ocrx_word' id='word_1_99' title='bbox 1478 1252 1604 1309; x_wconf 87' lang='lat' dir='ltr'><strong>min</strong></span> <span class='ocrx_word' id='word_1_100' title='bbox 1614 1252 1678 1310; x_wconf 67' lang='lat' dir='ltr'><strong>tls</strong></span> <span class='ocrx_word' id='word_1_101' title='bbox 1708 1253 1873 1310; x_wconf 85' lang='lat' dir='ltr'><strong>Italis</strong></span> <span class='ocrx_word' id='word_1_102' title='bbox 1900 1262 2067 1311; x_wconf 88' lang='lat' dir='ltr'><strong>notas</strong></span> <span class='ocrx_word' id='word_1_103' title='bbox 2094 1274 2217 1312; x_wconf 86' lang='lat' dir='ltr'><strong>esse</strong></span> <span class='ocrx_word' id='word_1_104' title='bbox 2244 1255 2423 1330; x_wconf 69' lang='lat' dir='ltr'><strong>quam</strong></span> <span class='ocrx_word' id='word_1_105' title='bbox 2453 1254 2677 1331; x_wconf 88' lang='lat' dir='ltr'><strong>Hispa-</strong></span> 
     </span>
     <span class='ocr_line' id='line_1_12' title="bbox 350 1348 2678 1427; baseline 0.004 -24"><span class='ocrx_word' id='word_1_106' title='bbox 350 1348 450 1404; x_wconf 91' lang='lat' dir='ltr'><strong>nio</strong></span> <span class='ocrx_word' id='word_1_107' title='bbox 479 1350 726 1407; x_wconf 77' lang='lat' dir='ltr'><strong>Italicas·</strong></span> <span class='ocrx_word' id='word_1_108' title='bbox 795 1350 878 1406; x_wconf 89' lang='lat' dir='ltr'><strong>Et</strong></span> <span class='ocrx_word' id='word_1_109' title='bbox 897 1350 1080 1425; x_wconf 85' lang='lat' dir='ltr'><strong>juxta</strong></span> <span class='ocrx_word' id='word_1_110' title='bbox 1095 1350 1406 1427; x_wconf 83' lang='lat' dir='ltr'><strong>vulgatum</strong></span> <span class='ocrx_word' id='word_1_111' title='bbox 1434 1351 1723 1426; x_wconf 84' lang='lat' dir='ltr'><strong>adagium,</strong></span> <span class='ocrx_word' id='word_1_112' title='bbox 1754 1351 1948 1409; x_wconf 79' lang='lat' dir='ltr'><strong>multo</strong></span> <span class='ocrx_word' id='word_1_113' title='bbox 1978 1353 2335 1413; x_wconf 87' lang='lat' dir='ltr'><strong>callidiorem</strong></span> <span class='ocrx_word' id='word_1_114' title='bbox 2360 1372 2482 1411; x_wconf 89' lang='lat' dir='ltr'><strong>esse</strong></span> <span class='ocrx_word' id='word_1_115' title='bbox 2508 1354 2678 1412; x_wconf 89' lang='lat' dir='ltr'><strong>domi</strong></span> 
     </span>
     <span class='ocr_line' id='line_1_13' title="bbox 351 1430 2674 1527; baseline 0.004 -24"><span class='ocrx_word' id='word_1_116' title='bbox 351 1430 472 1505; x_wconf 81' lang='lat' dir='ltr'><strong>suae</strong></span> <span class='ocrx_word' id='word_1_117' title='bbox 500 1448 889 1523; x_wconf 80' lang='lat' dir='ltr'><strong>insipientem,</strong></span> <span class='ocrx_word' id='word_1_118' title='bbox 929 1450 1109 1524; x_wconf 63' lang='lat' dir='ltr'><strong>quam</strong></span> <span class='ocrx_word' id='word_1_119' title='bbox 1147 1450 1468 1525; x_wconf 87' lang='lat' dir='ltr'><strong>sapientem</strong></span> <span class='ocrx_word' id='word_1_120' title='bbox 1504 1451 1721 1509; x_wconf 81' lang='lat' dir='ltr'><strong>alienae.</strong></span> <span class='ocrx_word' id='word_1_121' title='bbox 1826 1452 2035 1527; x_wconf 86' lang='lat' dir='ltr'><strong>Itaque</strong></span> <span class='ocrx_word' id='word_1_122' title='bbox 2067 1452 2265 1511; x_wconf 74' lang='lat' dir='ltr'><strong>minsis</strong></span> <span class='ocrx_word' id='word_1_123' title='bbox 2303 1441 2674 1512; x_wconf 71' lang='lat' dir='ltr'><strong>considerate</strong></span> 
     </span>
     <span class='ocr_line' id='line_1_14' title="bbox 350 1535 2673 1627; baseline 0.002 -24"><span class='ocrx_word' id='word_1_124' title='bbox 350 1546 424 1603; x_wconf 90' lang='lat' dir='ltr'><strong>ad</strong></span> <span class='ocrx_word' id='word_1_125' title='bbox 463 1566 556 1604; x_wconf 90' lang='lat' dir='ltr'><strong>res</strong></span> <span class='ocrx_word' id='word_1_126' title='bbox 585 1548 936 1605; x_wconf 89' lang='lat' dir='ltr'><strong>Hibernicas</strong></span> <span class='ocrx_word' id='word_1_127' title='bbox 970 1549 1204 1625; x_wconf 85' lang='lat' dir='ltr'><strong>scriptis</strong></span> <span class='ocrx_word' id='word_1_128' title='bbox 1233 1549 1585 1606; x_wconf 87' lang='lat' dir='ltr'><strong>mandandas</strong></span> <span class='ocrx_word' id='word_1_129' title='bbox 1622 1550 1885 1607; x_wconf 89' lang='lat' dir='ltr'><strong>animum</strong></span> <span class='ocrx_word' id='word_1_130' title='bbox 1916 1550 2194 1608; x_wconf 87' lang='lat' dir='ltr'><strong>Giraldus</strong></span> <span class='ocrx_word' id='word_1_131' title='bbox 2230 1552 2463 1627; x_wconf 87' lang='lat' dir='ltr'><strong>adjecit,</strong></span> <span class='ocrx_word' id='word_1_132' title='bbox 2498 1535 2673 1627; x_wconf 73' lang='lat' dir='ltr'><strong>quod</strong></span> 
     </span>
     <span class='ocr_line' id='line_1_15' title="bbox 351 1644 2673 1727; baseline 0.003 -28"><span class='ocrx_word' id='word_1_133' title='bbox 351 1644 671 1719; x_wconf 80' lang='lat' dir='ltr'><strong>alienigena</strong></span> <span class='ocrx_word' id='word_1_134' title='bbox 719 1644 855 1702; x_wconf 71' lang='lat' dir='ltr'><strong>cum</strong></span> <span class='ocrx_word' id='word_1_135' title='bbox 895 1646 1094 1714; x_wconf 86' lang='lat' dir='ltr'><strong>fuerit,</strong></span> <span class='ocrx_word' id='word_1_136' title='bbox 1133 1647 1197 1703; x_wconf 89' lang='lat' dir='ltr'><strong>in</strong></span> <span class='ocrx_word' id='word_1_137' title='bbox 1231 1646 1615 1723; x_wconf 72' lang='lat' dir='ltr'><strong>historiarum</strong></span> <span class='ocrx_word' id='word_1_138' title='bbox 1652 1648 2109 1706; x_wconf 86' lang='lat' dir='ltr'><strong>Hibernicarum</strong></span> <span class='ocrx_word' id='word_1_139' title='bbox 2145 1649 2323 1727; x_wconf 80' lang='lat' dir='ltr'><strong>adyta</strong></span> <span class='ocrx_word' id='word_1_140' title='bbox 2356 1659 2673 1726; x_wconf 75' lang='lat' dir='ltr'><strong>penetrare</strong></span> 
     </span>
     <span class='ocr_line' id='line_1_16' title="bbox 349 1742 778 1815; baseline 0.005 -18"><span class='ocrx_word' id='word_1_141' title='bbox 349 1760 468 1799; x_wconf 88' lang='lat' dir='ltr'><strong>non</strong></span> <span class='ocrx_word' id='word_1_142' title='bbox 496 1742 778 1815; x_wconf 85' lang='lat' dir='ltr'><strong>potuerit.</strong></span> 
     </span>
    </p>

    <p class='ocr_par' dir='ltr' id='par_1_5' title="bbox 319 1825 2672 3589">
     <span class='ocr_line' id='line_1_17' title="bbox 466 1825 2670 1919; baseline 0.004 -24"><span class='ocrx_word' id='word_1_143' title='bbox 466 1839 591 1896; x_wconf 89' lang='lat' dir='ltr'><strong>Nec</strong></span> <span class='ocrx_word' id='word_1_144' title='bbox 627 1858 662 1895; x_wconf 89' lang='lat' dir='ltr'><strong>a</strong></span> <span class='ocrx_word' id='word_1_145' title='bbox 697 1838 825 1899; x_wconf 60' lang='lat' dir='ltr'><strong>me&amp;</strong></span> <span class='ocrx_word' id='word_1_146' title='bbox 853 1859 947 1897; x_wconf 91' lang='lat' dir='ltr'><strong>me</strong></span> <span class='ocrx_word' id='word_1_147' title='bbox 981 1839 1539 1899; x_wconf 61' lang='lat' dir='ltr'><strong>sententia‘illorum</strong></span> <span class='ocrx_word' id='word_1_148' title='bbox 1568 1841 1819 1902; x_wconf 89' lang='lat' dir='ltr'><strong>adducet</strong></span> <span class='ocrx_word' id='word_1_149' title='bbox 1858 1825 2128 1913; x_wconf 55' lang='lat' dir='ltr'><strong>assei-tic,</strong></span> <span class='ocrx_word' id='word_1_150' title='bbox 2149 1845 2254 1919; x_wconf 90' lang='lat' dir='ltr'><strong>qui</strong></span> <span class='ocrx_word' id='word_1_151' title='bbox 2282 1845 2491 1903; x_wconf 88' lang='lat' dir='ltr'><strong>dicunt</strong></span> <span class='ocrx_word' id='word_1_152' title='bbox 2518 1841 2670 1904; x_wconf 60' lang='lat' dir='ltr'><strong>Dioss</strong></span> 
     </span>
     <span class='ocr_line' id='line_1_18' title="bbox 345 1935 2672 2014; baseline 0.005 -23"><span class='ocrx_word' id='word_1_153' title='bbox 345 1935 502 2012; x_wconf 84' lang='lat' dir='ltr'><strong>nysii</strong></span> <span class='ocrx_word' id='word_1_154' title='bbox 525 1936 986 1993; x_wconf 84' lang='lat' dir='ltr'><strong>Hallicarnassaei</strong></span> <span class='ocrx_word' id='word_1_155' title='bbox 1015 1936 1267 1995; x_wconf 86' lang='lat' dir='ltr'><strong>hominis</strong></span> <span class='ocrx_word' id='word_1_156' title='bbox 1297 1939 1487 1996; x_wconf 78' lang='lat' dir='ltr'><strong>Graeci</strong></span> <span class='ocrx_word' id='word_1_157' title='bbox 1512 1941 1800 2014; x_wconf 78' lang='lat' dir='ltr'><strong>majorem&#39;</strong></span> <span class='ocrx_word' id='word_1_158' title='bbox 1812 1940 1873 1996; x_wconf 91' lang='lat' dir='ltr'><strong>in</strong></span> <span class='ocrx_word' id='word_1_159' title='bbox 1903 1941 2171 1999; x_wconf 64' lang='lat' dir='ltr'><strong>Historia</strong></span> <span class='ocrx_word' id='word_1_160' title='bbox 2199 1942 2467 2000; x_wconf 62' lang='lat' dir='ltr'><strong>Romana.</strong></span> <span class='ocrx_word' id='word_1_161' title='bbox 2486 1944 2672 2003; x_wconf 88' lang='lat' dir='ltr'><strong>fidem</strong></span> 
     </span>
     <span class='ocr_line' id='line_1_19' title="bbox 345 2035 2668 2117; baseline 0.004 -26"><span class='ocrx_word' id='word_1_162' title='bbox 345 2052 486 2103; x_wconf 87' lang='lat' dir='ltr'><strong>esse,</strong></span> <span class='ocrx_word' id='word_1_163' title='bbox 516 2036 695 2109; x_wconf 69' lang='lat' dir='ltr'><strong>quam</strong></span> <span class='ocrx_word' id='word_1_164' title='bbox 726 2035 898 2104; x_wconf 84' lang='lat' dir='ltr'><strong>Livii,</strong></span> <span class='ocrx_word' id='word_1_165' title='bbox 922 2035 1289 2114; x_wconf 82' lang='lat' dir='ltr'><strong>Tranquilli[</strong></span> <span class='ocrx_word' id='word_1_166' title='bbox 1303 2035 1384 2114; x_wconf 84' lang='lat'><strong>?],</strong></span> <span class='ocrx_word' id='word_1_167' title='bbox 1418 2040 1627 2107; x_wconf 84' lang='lat' dir='ltr'><strong>Taciti,</strong></span> <span class='ocrx_word' id='word_1_168' title='bbox 1652 2040 1927 2107; x_wconf 86' lang='lat' dir='ltr'><strong>Arriani;</strong></span> <span class='ocrx_word' id='word_1_169' title='bbox 1966 2040 2185 2117; x_wconf 89' lang='lat' dir='ltr'><strong>quippe</strong></span> <span class='ocrx_word' id='word_1_170' title='bbox 2210 2039 2352 2099; x_wconf 74' lang='lat' dir='ltr'><strong>licet</strong></span> <span class='ocrx_word' id='word_1_171' title='bbox 2372 2042 2443 2099; x_wconf 92' lang='lat' dir='ltr'><strong>de</strong></span> <span class='ocrx_word' id='word_1_172' title='bbox 2470 2044 2668 2101; x_wconf 66' lang='lat' dir='ltr'><strong>aliena</strong></span> 
     </span>
     <span class='ocr_line' id='line_1_20' title="bbox 319 2132 2667 2211; baseline 0.004 -23"><span class='ocrx_word' id='word_1_173' title='bbox 319 2164 322 2171; x_wconf 92' lang='lat'>·</span> <span class='ocrx_word' id='word_1_174' title='bbox 347 2132 672 2207; x_wconf 63' lang='lat' dir='ltr'><strong>Republica</strong></span> <span class='ocrx_word' id='word_1_175' title='bbox 701 2153 817 2191; x_wconf 89' lang='lat' dir='ltr'><strong>non</strong></span> <span class='ocrx_word' id='word_1_176' title='bbox 843 2133 915 2191; x_wconf 91' lang='lat' dir='ltr'><strong>de</strong></span> <span class='ocrx_word' id='word_1_177' title='bbox 941 2132 1049 2191; x_wconf 62' lang='lat' dir='ltr'><strong>sua</strong></span> <span class='ocrx_word' id='word_1_178' title='bbox 1077 2135 1390 2211; x_wconf 86' lang='lat' dir='ltr'><strong>scripserit,</strong></span> <span class='ocrx_word' id='word_1_179' title='bbox 1423 2145 1617 2193; x_wconf 90' lang='lat' dir='ltr'><strong>tamen</strong></span> <span class='ocrx_word' id='word_1_180' title='bbox 1646 2137 1908 2193; x_wconf 87' lang='lat' dir='ltr'><strong>omnium</strong></span> <span class='ocrx_word' id='word_1_181' title='bbox 1936 2139 2396 2207; x_wconf 82' lang='lat' dir='ltr'><strong>commentariOS,</strong></span> <span class='ocrx_word' id='word_1_182' title='bbox 2427 2160 2491 2197; x_wconf 89' lang='lat' dir='ltr'><strong>ac</strong></span> <span class='ocrx_word' id='word_1_183' title='bbox 2518 2141 2667 2197; x_wconf 83' lang='lat' dir='ltr'><strong>civi-</strong></span> 
     </span>
     <span class='ocr_line' id='line_1_21' title="bbox 345 2227 2665 2309; baseline 0.004 -22"><span class='ocrx_word' id='word_1_184' title='bbox 345 2232 488 2288; x_wconf 84' lang='lat' dir='ltr'><strong>tatis</strong></span> <span class='ocrx_word' id='word_1_185' title='bbox 515 2250 722 2289; x_wconf 86' lang='lat' dir='ltr'><strong>arcana</strong></span> <span class='ocrx_word' id='word_1_186' title='bbox 749 2252 824 2289; x_wconf 83' lang='lat' dir='ltr'><strong>ex</strong></span> <span class='ocrx_word' id='word_1_187' title='bbox 851 2232 997 2289; x_wconf 87' lang='lat' dir='ltr'><strong>actis</strong></span> <span class='ocrx_word' id='word_1_188' title='bbox 1023 2233 1278 2308; x_wconf 84' lang='lat' dir='ltr'><strong>publicis</strong></span> <span class='ocrx_word' id='word_1_189' title='bbox 1307 2234 1559 2309; x_wconf 80' lang='lat' dir='ltr'><strong>collegit.</strong></span> <span class='ocrx_word' id='word_1_190' title='bbox 1618 2227 1930 2306; x_wconf 78' lang='lat' dir='ltr'><strong>&#39;Nimirum</strong></span> <span class='ocrx_word' id='word_1_191' title='bbox 1950 2236 2225 2305; x_wconf 87' lang='lat' dir='ltr'><strong>Varroni,</strong></span> <span class='ocrx_word' id='word_1_192' title='bbox 2252 2238 2569 2307; x_wconf 84' lang='lat' dir='ltr'><strong>Tuberoni,</strong></span> <span class='ocrx_word' id='word_1_193' title='bbox 2596 2248 2665 2297; x_wconf 87' lang='lat' dir='ltr'><strong>et</strong></span> 
     </span>
     <span class='ocr_line' id='line_1_22' title="bbox 347 2331 2663 2408; baseline 0.003 -22"><span class='ocrx_word' id='word_1_194' title='bbox 347 2331 656 2405; x_wconf 90' lang='lat' dir='ltr'><strong>Pomperio</strong></span> <span class='ocrx_word' id='word_1_195' title='bbox 694 2351 904 2407; x_wconf 86' lang='lat' dir='ltr'><strong>magno</strong></span> <span class='ocrx_word' id='word_1_196' title='bbox 943 2331 1152 2407; x_wconf 62' lang='lat' dir='ltr'><strong>magnii</strong></span> <span class='ocrx_word' id='word_1_197' title='bbox 1187 2332 1597 2390; x_wconf 62' lang='lat' dir='ltr'><strong>benevolentia</strong></span> <span class='ocrx_word' id='word_1_198' title='bbox 1637 2334 1990 2408; x_wconf 68' lang='lat' dir='ltr'><strong>conjunctus</strong></span> <span class='ocrx_word' id='word_1_199' title='bbox 2018 2344 2159 2401; x_wconf 87' lang='lat' dir='ltr'><strong>erat,</strong></span> <span class='ocrx_word' id='word_1_200' title='bbox 2198 2345 2258 2391; x_wconf 87' lang='lat' dir='ltr'><strong>et</strong></span> <span class='ocrx_word' id='word_1_201' title='bbox 2286 2334 2360 2407; x_wconf 84' lang='lat' dir='ltr'><strong>de</strong></span> <span class='ocrx_word' id='word_1_202' title='bbox 2384 2336 2663 2393; x_wconf 87' lang='lat' dir='ltr'><strong>Romanis</strong></span> 
     </span>
     <span class='ocr_line' id='line_1_23' title="bbox 343 2429 2662 2512; baseline 0.004 -27"><span class='ocrx_word' id='word_1_203' title='bbox 343 2430 536 2487; x_wconf 91' lang='lat' dir='ltr'><strong>multo</strong></span> <span class='ocrx_word' id='word_1_204' title='bbox 563 2429 760 2487; x_wconf 71' lang='lat' dir='ltr'><strong>verius</strong></span> <span class='ocrx_word' id='word_1_205' title='bbox 787 2450 854 2488; x_wconf 92' lang='lat' dir='ltr'><strong>ac</strong></span> <span class='ocrx_word' id='word_1_206' title='bbox 880 2430 1092 2489; x_wconf 73' lang='lat' dir='ltr'><strong>melius</strong></span> <span class='ocrx_word' id='word_1_207' title='bbox 1121 2432 1370 2508; x_wconf 88' lang='lat' dir='ltr'><strong>scripsit,</strong></span> <span class='ocrx_word' id='word_1_208' title='bbox 1403 2432 1581 2507; x_wconf 65' lang='lat' dir='ltr'><strong>quam</strong></span> <span class='ocrx_word' id='word_1_209' title='bbox 1611 2433 1846 2503; x_wconf 83' lang='lat' dir='ltr'><strong>Fabius,</strong></span> <span class='ocrx_word' id='word_1_210' title='bbox 1879 2434 2192 2505; x_wconf 84' lang='lat' dir='ltr'><strong>Salustius,</strong></span> <span class='ocrx_word' id='word_1_211' title='bbox 2223 2443 2329 2492; x_wconf 89' lang='lat' dir='ltr'><strong>aut</strong></span> <span class='ocrx_word' id='word_1_212' title='bbox 2358 2437 2519 2505; x_wconf 80' lang='lat' dir='ltr'><strong>Cato,</strong></span> <span class='ocrx_word' id='word_1_213' title='bbox 2552 2439 2662 2512; x_wconf 89' lang='lat' dir='ltr'><strong>qui</strong></span> 
     </span>
     <span class='ocr_line' id='line_1_24' title="bbox 345 2527 2663 2609; baseline 0.004 -27"><span class='ocrx_word' id='word_1_214' title='bbox 345 2527 409 2583; x_wconf 88' lang='lat' dir='ltr'><strong>in</strong></span> <span class='ocrx_word' id='word_1_215' title='bbox 431 2527 536 2583; x_wconf 72' lang='lat' dir='ltr'><strong>suz‘i</strong></span> <span class='ocrx_word' id='word_1_216' title='bbox 561 2528 886 2603; x_wconf 61' lang='lat' dir='ltr'><strong>Republica</strong></span> <span class='ocrx_word' id='word_1_217' title='bbox 907 2529 1118 2605; x_wconf 85' lang='lat' dir='ltr'><strong>opibus</strong></span> <span class='ocrx_word' id='word_1_218' title='bbox 1135 2550 1201 2587; x_wconf 90' lang='lat' dir='ltr'><strong>ac</strong></span> <span class='ocrx_word' id='word_1_219' title='bbox 1221 2529 1543 2587; x_wconf 83' lang='lat' dir='ltr'><strong>honoribus</strong></span> <span class='ocrx_word' id='word_1_220' title='bbox 1570 2530 1939 2588; x_wconf 64' lang='lat' dir='ltr'><strong>floruerunffi</strong></span> <span class='ocrx_word' id='word_1_221' title='bbox 1997 2532 2121 2589; x_wconf 87' lang='lat' dir='ltr'><strong>Nec</strong></span> <span class='ocrx_word' id='word_1_222' title='bbox 2140 2553 2173 2590; x_wconf 90' lang='lat' dir='ltr'><strong>a</strong></span> <span class='ocrx_word' id='word_1_223' title='bbox 2190 2533 2461 2609; x_wconf 60' lang='lat' dir='ltr'><strong>suscepta</strong></span> <span class='ocrx_word' id='word_1_224' title='bbox 2482 2536 2663 2591; x_wconf 83' lang='lat' dir='ltr'><strong>semel</strong></span> 
     </span>
     <span class='ocr_line' id='line_1_25' title="bbox 344 2624 2657 2701; baseline 0.004 -22"><span class='ocrx_word' id='word_1_225' title='bbox 344 2624 616 2699; x_wconf 89' lang='lat' dir='ltr'><strong>opinione</strong></span> <span class='ocrx_word' id='word_1_226' title='bbox 635 2624 726 2680; x_wconf 93' lang='lat' dir='ltr'><strong>illi</strong></span> <span class='ocrx_word' id='word_1_227' title='bbox 752 2644 846 2683; x_wconf 91' lang='lat' dir='ltr'><strong>me</strong></span> <span class='ocrx_word' id='word_1_228' title='bbox 871 2634 1154 2695; x_wconf 85' lang='lat' dir='ltr'><strong>avertent,</strong></span> <span class='ocrx_word' id='word_1_229' title='bbox 1175 2628 1280 2701; x_wconf 90' lang='lat' dir='ltr'><strong>qui</strong></span> <span class='ocrx_word' id='word_1_230' title='bbox 1305 2627 1560 2685; x_wconf 89' lang='lat' dir='ltr'><strong>libenter</strong></span> <span class='ocrx_word' id='word_1_231' title='bbox 1579 2629 1792 2685; x_wconf 85' lang='lat' dir='ltr'><strong>Caesari</strong></span> <span class='ocrx_word' id='word_1_232' title='bbox 1807 2629 1879 2686; x_wconf 92' lang='lat' dir='ltr'><strong>de</strong></span> <span class='ocrx_word' id='word_1_233' title='bbox 1902 2630 2207 2687; x_wconf 88' lang='lat' dir='ltr'><strong>Gallorum</strong></span> <span class='ocrx_word' id='word_1_234' title='bbox 2228 2633 2493 2689; x_wconf 87' lang='lat' dir='ltr'><strong>moribus</strong></span> <span class='ocrx_word' id='word_1_235' title='bbox 2514 2634 2657 2689; x_wconf 88' lang='lat' dir='ltr'><strong>scri-</strong></span> 
     </span>
     <span class='ocr_line' id='line_1_26' title="bbox 344 2722 2659 2804; baseline 0.004 -25"><span class='ocrx_word' id='word_1_236' title='bbox 344 2722 526 2791; x_wconf 83' lang='lat' dir='ltr'><strong>beuti,</strong></span> <span class='ocrx_word' id='word_1_237' title='bbox 557 2731 664 2779; x_wconf 85' lang='lat' dir='ltr'><strong>aut</strong></span> <span class='ocrx_word' id='word_1_238' title='bbox 687 2724 892 2780; x_wconf 89' lang='lat' dir='ltr'><strong>Tacito</strong></span> <span class='ocrx_word' id='word_1_239' title='bbox 919 2724 992 2782; x_wconf 92' lang='lat' dir='ltr'><strong>de</strong></span> <span class='ocrx_word' id='word_1_240' title='bbox 1014 2725 1336 2794; x_wconf 86' lang='lat' dir='ltr'><strong>Germanis,</strong></span> <span class='ocrx_word' id='word_1_241' title='bbox 1366 2735 1473 2784; x_wconf 88' lang='lat' dir='ltr'><strong>aut</strong></span> <span class='ocrx_word' id='word_1_242' title='bbox 1494 2726 1747 2804; x_wconf 87' lang='lat' dir='ltr'><strong>Polybio</strong></span> <span class='ocrx_word' id='word_1_243' title='bbox 1772 2728 1844 2785; x_wconf 88' lang='lat' dir='ltr'><strong>de</strong></span> <span class='ocrx_word' id='word_1_244' title='bbox 1861 2729 2153 2797; x_wconf 82' lang='lat' dir='ltr'><strong>Romanis,</strong></span> <span class='ocrx_word' id='word_1_245' title='bbox 2183 2738 2289 2787; x_wconf 90' lang='lat' dir='ltr'><strong>aut</strong></span> <span class='ocrx_word' id='word_1_246' title='bbox 2310 2731 2565 2789; x_wconf 85' lang='lat' dir='ltr'><strong>Amiano</strong></span> <span class='ocrx_word' id='word_1_247' title='bbox 2584 2731 2659 2789; x_wconf 93' lang='lat' dir='ltr'><strong>de</strong></span> 
     </span>
     <span class='ocr_line' id='line_1_27' title="bbox 344 2820 2656 2907; baseline 0.003 -28"><span class='ocrx_word' id='word_1_248' title='bbox 344 2820 586 2879; x_wconf 76' lang='lat' dir='ltr'><strong>ancis</strong></span> <span class='ocrx_word' id='word_1_249' title='bbox 607 2824 1027 2893; x_wconf 86' lang='lat' dir='ltr'><strong>assentiuntur,</strong></span> <span class='ocrx_word' id='word_1_250' title='bbox 1052 2823 1189 2881; x_wconf 73' lang='lat' dir='ltr'><strong>cum</strong></span> <span class='ocrx_word' id='word_1_251' title='bbox 1215 2826 1512 2901; x_wconf 89' lang='lat' dir='ltr'><strong>peregrini</strong></span> <span class='ocrx_word' id='word_1_252' title='bbox 1533 2835 1741 2897; x_wconf 82' lang='lat' dir='ltr'><strong>essent,</strong></span> <span class='ocrx_word' id='word_1_253' title='bbox 1786 2832 1891 2885; x_wconf 88' lang='lat' dir='ltr'><strong>“et</strong></span> <span class='ocrx_word' id='word_1_254' title='bbox 1912 2847 2111 2885; x_wconf 89' lang='lat' dir='ltr'><strong>eorum</strong></span> <span class='ocrx_word' id='word_1_255' title='bbox 2134 2828 2207 2885; x_wconf 91' lang='lat' dir='ltr'><strong>de</strong></span> <span class='ocrx_word' id='word_1_256' title='bbox 2228 2830 2445 2904; x_wconf 86' lang='lat' dir='ltr'><strong>quibus</strong></span> <span class='ocrx_word' id='word_1_257' title='bbox 2470 2832 2656 2907; x_wconf 88' lang='lat' dir='ltr'><strong>scrip·</strong></span> 
     </span>
     <span class='ocr_line' id='line_1_28' title="bbox 343 2914 2656 3001; baseline 0.003 -22"><span class='ocrx_word' id='word_1_258' title='bbox 343 2930 567 2991; x_wconf 88' lang='lat' dir='ltr'><strong>serunt,</strong></span> <span class='ocrx_word' id='word_1_259' title='bbox 611 2924 996 2999; x_wconf 87' lang='lat' dir='ltr'><strong>antiquitates</strong></span> <span class='ocrx_word' id='word_1_260' title='bbox 1030 2922 1202 2999; x_wconf 76' lang='lat' dir='ltr'><strong>plene</strong></span> <span class='ocrx_word' id='word_1_261' title='bbox 1242 2926 1504 3001; x_wconf 82' lang='lat' dir='ltr'><strong>cognitas</strong></span> <span class='ocrx_word' id='word_1_262' title='bbox 1543 2925 1908 2983; x_wconf 85' lang='lat' dir='ltr'><strong>haberent³.”</strong></span> <span class='ocrx_word' id='word_1_263' title='bbox 2013 2926 2191 2995; x_wconf 75' lang='lat' dir='ltr'><strong>Quod</strong></span> <span class='ocrx_word' id='word_1_264' title='bbox 2218 2929 2268 2983; x_wconf 91' lang='lat' dir='ltr'><strong>si</strong></span> <span class='ocrx_word' id='word_1_265' title='bbox 2298 2914 2577 2985; x_wconf 84' lang='lat' dir='ltr'><strong>Giraldus</strong></span> <span class='ocrx_word' id='word_1_266' title='bbox 2604 2930 2656 2986; x_wconf 86' lang='lat' dir='ltr'><strong>is</strong></span> 
     </span>
     <span class='ocr_line' id='line_1_29' title="bbox 340 3021 2666 3101; baseline 0.003 -23"><span class='ocrx_word' id='word_1_267' title='bbox 340 3028 509 3089; x_wconf 84' lang='lat' dir='ltr'><strong>esset,</strong></span> <span class='ocrx_word' id='word_1_268' title='bbox 533 3029 606 3077; x_wconf 91' lang='lat' dir='ltr'><strong>ut</strong></span> <span class='ocrx_word' id='word_1_269' title='bbox 625 3021 1009 3097; x_wconf 85' lang='lat' dir='ltr'><strong>antiquitates</strong></span> <span class='ocrx_word' id='word_1_270' title='bbox 1031 3022 1332 3080; x_wconf 84' lang='lat' dir='ltr'><strong>Hiberni‘ae</strong></span> <span class='ocrx_word' id='word_1_271' title='bbox 1355 3024 1593 3100; x_wconf 86' lang='lat' dir='ltr'><strong>penitus</strong></span> <span class='ocrx_word' id='word_1_272' title='bbox 1619 3032 1949 3101; x_wconf 87' lang='lat' dir='ltr'><strong>perspectas</strong></span> <span class='ocrx_word' id='word_1_273' title='bbox 1966 3024 2259 3093; x_wconf 84' lang='lat' dir='ltr'><strong>habuerit,</strong></span> <span class='ocrx_word' id='word_1_274' title='bbox 2282 3034 2341 3083; x_wconf 87' lang='lat' dir='ltr'><strong>et</strong></span> <span class='ocrx_word' id='word_1_275' title='bbox 2368 3026 2520 3083; x_wconf 89' lang='lat' dir='ltr'><strong>nihil</strong></span> <span class='ocrx_word' id='word_1_276' title='bbox 2535 3042 2666 3085; x_wconf 87' lang='lat' dir='ltr'><strong>non¹</strong></span> 
     </span>
     <span class='ocr_line' id='line_1_30' title="bbox 340 3116 2651 3206; baseline 0.002 -30"><span class='ocrx_word' id='word_1_277' title='bbox 340 3136 374 3176; x_wconf 92' lang='lat' dir='ltr'><strong>e</strong></span> <span class='ocrx_word' id='word_1_278' title='bbox 399 3121 794 3177; x_wconf 89' lang='lat' dir='ltr'><strong>monumentis</strong></span> <span class='ocrx_word' id='word_1_279' title='bbox 813 3121 1150 3179; x_wconf 88' lang='lat' dir='ltr'><strong>Hibernicis</strong></span> <span class='ocrx_word' id='word_1_280' title='bbox 1175 3122 1483 3192; x_wconf 85' lang='lat' dir='ltr'><strong>hausisset,</strong></span> <span class='ocrx_word' id='word_1_281' title='bbox 1513 3123 1567 3181; x_wconf 90' lang='lat' dir='ltr'><strong>ei</strong></span> <span class='ocrx_word' id='word_1_282' title='bbox 1592 3120 1735 3180; x_wconf 72' lang='lat' dir='ltr'><strong>licet</strong></span> <span class='ocrx_word' id='word_1_283' title='bbox 1760 3124 2069 3206; x_wconf 76' lang='lat' dir='ltr'><strong>peregrino</strong></span> <span class='ocrx_word' id='word_1_284' title='bbox 2095 3142 2392 3181; x_wconf 87' lang='lat' dir='ltr'><strong>assensum</strong></span> <span class='ocrx_word' id='word_1_285' title='bbox 2416 3116 2651 3181; x_wconf 54' lang='lat' dir='ltr'><strong>non‘in-</strong></span> 
     </span>
     <span class='ocr_line' id='line_1_31' title="bbox 337 3212 2648 3299; baseline 0.003 -25"><span class='ocrx_word' id='word_1_286' title='bbox 337 3218 451 3275; x_wconf 84' lang='lat' dir='ltr'><strong>viti</strong></span> <span class='ocrx_word' id='word_1_287' title='bbox 466 3212 942 3295; x_wconf 66' lang='lat' dir='ltr'><strong>&#39;praebuissemus-</strong></span> <span class='ocrx_word' id='word_1_288' title='bbox 1012 3220 1128 3278; x_wconf 90' lang='lat' dir='ltr'><strong>Sed</strong></span> <span class='ocrx_word' id='word_1_289' title='bbox 1154 3220 1289 3279; x_wconf 73' lang='lat' dir='ltr'><strong>cum</strong></span> <span class='ocrx_word' id='word_1_290' title='bbox 1316 3222 1379 3277; x_wconf 88' lang='lat' dir='ltr'><strong>in</strong></span> <span class='ocrx_word' id='word_1_291' title='bbox 1409 3221 1805 3279; x_wconf 87' lang='lat' dir='ltr'><strong>monumentis</strong></span> <span class='ocrx_word' id='word_1_292' title='bbox 1832 3221 2212 3298; x_wconf 72' lang='lat' dir='ltr'><strong>incorruptiS,</strong></span> <span class='ocrx_word' id='word_1_293' title='bbox 2234 3242 2299 3281; x_wconf 88' lang='lat' dir='ltr'><strong>ac</strong></span> <span class='ocrx_word' id='word_1_294' title='bbox 2324 3224 2648 3299; x_wconf 84' lang='lat' dir='ltr'><strong>antiquita-</strong></span> 
     </span>
     <span class='ocr_line' id='line_1_32' title="bbox 338 3317 2649 3393; baseline 0.003 -20"><span class='ocrx_word' id='word_1_295' title='bbox 338 3317 502 3374; x_wconf 85' lang='lat' dir='ltr'><strong>tibus</strong></span> <span class='ocrx_word' id='word_1_296' title='bbox 545 3317 880 3375; x_wconf 84' lang='lat' dir='ltr'><strong>evolvendis</strong></span> <span class='ocrx_word' id='word_1_297' title='bbox 921 3326 981 3375; x_wconf 91' lang='lat' dir='ltr'><strong>et</strong></span> <span class='ocrx_word' id='word_1_298' title='bbox 1018 3319 1362 3393; x_wconf 82' lang='lat' dir='ltr'><strong>evulgandis</strong></span> <span class='ocrx_word' id='word_1_299' title='bbox 1401 3318 1811 3375; x_wconf 88' lang='lat' dir='ltr'><strong>tenuissimum</strong></span> <span class='ocrx_word' id='word_1_300' title='bbox 1856 3327 2131 3377; x_wconf 89' lang='lat' dir='ltr'><strong>conatum</strong></span> <span class='ocrx_word' id='word_1_301' title='bbox 2174 3317 2549 3379; x_wconf 80' lang='lat' dir='ltr'><strong>adhibuerit:</strong></span> <span class='ocrx_word' id='word_1_302' title='bbox 2590 3331 2649 3379; x_wconf 91' lang='lat' dir='ltr'><strong>et</strong></span> 
     </span>
     <span class='ocr_line' id='line_1_33' title="bbox 335 3410 2649 3493; baseline 0.003 -20"><span class='ocrx_word' id='word_1_303' title='bbox 335 3424 618 3492; x_wconf 84' lang='lat' dir='ltr'><strong>praeterea</strong></span> <span class='ocrx_word' id='word_1_304' title='bbox 664 3416 1000 3475; x_wconf 85' lang='lat' dir='ltr'><strong>Hibernicae</strong></span> <span class='ocrx_word' id='word_1_305' title='bbox 1043 3415 1258 3493; x_wconf 75' lang='lat' dir='ltr'><strong>linguae</strong></span> <span class='ocrx_word' id='word_1_306' title='bbox 1305 3417 1671 3493; x_wconf 83' lang='lat' dir='ltr'><strong>ignoratione</strong></span> <span class='ocrx_word' id='word_1_307' title='bbox 1721 3410 2079 3475; x_wconf 85' lang='lat' dir='ltr'><strong>laboraverit</strong></span> <span class='ocrx_word' id='word_1_308' title='bbox 2110 3436 2125 3477; x_wconf 90' lang='lat'><strong>:</strong></span> <span class='ocrx_word' id='word_1_309' title='bbox 2180 3438 2351 3477; x_wconf 87' lang='lat' dir='ltr'><strong>nemo</strong></span> <span class='ocrx_word' id='word_1_310' title='bbox 2396 3420 2649 3479; x_wconf 87' lang='lat' dir='ltr'><strong>miretur</strong></span> 
     </span>
     <span class='ocr_line' id='line_1_34' title="bbox 339 3513 1731 3589; baseline 0 -18"><span class='ocrx_word' id='word_1_311' title='bbox 339 3514 725 3589; x_wconf 82' lang='lat' dir='ltr'><strong>suspicionem</strong></span> <span class='ocrx_word' id='word_1_312' title='bbox 753 3514 966 3571; x_wconf 89' lang='lat' dir='ltr'><strong>erroris</strong></span> <span class='ocrx_word' id='word_1_313' title='bbox 992 3513 1132 3571; x_wconf 89' lang='lat' dir='ltr'><strong>hinc</strong></span> <span class='ocrx_word' id='word_1_314' title='bbox 1158 3534 1191 3571; x_wconf 87' lang='lat' dir='ltr'><strong>a</strong></span> <span class='ocrx_word' id='word_1_315' title='bbox 1217 3514 1387 3572; x_wconf 87' lang='lat' dir='ltr'><strong>nobis</strong></span> <span class='ocrx_word' id='word_1_316' title='bbox 1414 3514 1505 3571; x_wconf 92' lang='lat' dir='ltr'><strong>illi</strong></span> <span class='ocrx_word' id='word_1_317' title='bbox 1532 3515 1731 3572; x_wconf 85' lang='lat' dir='ltr'><strong>creari.</strong></span> 
     </span>
    </p>
   </div>
   <div class='ocr_carea' id='block_1_5' title="bbox 337 3654 2647 3785">
    <p class='ocr_par' dir='ltr' id='par_1_6' title="bbox 337 3654 2647 3777">
     <span class='ocr_line' id='line_1_35' title="bbox 337 3654 2647 3767; baseline 0.002 -66"><span class='ocrx_word' id='word_1_318' title='bbox 337 3724 358 3767; x_wconf 66' lang='lat' dir='ltr'>t</span> <span class='ocrx_word' id='word_1_319' title='bbox 420 3658 436 3688; x_wconf 89' lang='lat'>¹</span> <span class='ocrx_word' id='word_1_320' title='bbox 464 3654 658 3767; x_wconf 52' lang='lat' dir='ltr'><strong>Dilall)</strong></span> <span class='ocrx_word' id='word_1_321' title='bbox 615 3658 658 3713; x_wconf 88' lang='grc'><strong>6,</strong></span> <span class='ocrx_word' id='word_1_322' title='bbox 685 3656 742 3701; x_wconf 87' lang='lat' dir='ltr'><strong>de</strong></span> <span class='ocrx_word' id='word_1_323' title='bbox 765 3654 941 3701; x_wconf 81' lang='lat' dir='ltr'><strong>Hister.</strong></span> <span class='ocrx_word' id='word_1_324' title='bbox 1023 3656 1044 3689; x_wconf 82' lang='lat'>²</span> <span class='ocrx_word' id='word_1_325' title='bbox 1068 3655 1302 3703; x_wconf 85' lang='lat' dir='ltr'><strong>Possevin.</strong></span> <span class='ocrx_word' id='word_1_326' title='bbox 1325 3659 1438 3702; x_wconf 86' lang='lat' dir='ltr'><strong>tom.</strong></span> <span class='ocrx_word' id='word_1_327' title='bbox 1462 3655 1510 3701; x_wconf 84' lang='lat' dir='ltr'><strong>ii.</strong></span> <span class='ocrx_word' id='word_1_328' title='bbox 1534 3654 1615 3702; x_wconf 88' lang='lat' dir='ltr'><strong>lib.</strong></span> <span class='ocrx_word' id='word_1_329' title='bbox 1639 3654 1743 3701; x_wconf 80' lang='lat' dir='ltr'><strong>xvi.</strong></span> <span class='ocrx_word' id='word_1_330' title='bbox 1770 3669 1868 3715; x_wconf 89' lang='lat' dir='ltr'><strong>cap.</strong></span> <span class='ocrx_word' id='word_1_331' title='bbox 1895 3658 1970 3703; x_wconf 85' lang='grc'><strong>13.</strong></span> <span class='ocrx_word' id='word_1_332' title='bbox 2049 3655 2269 3703; x_wconf 81' lang='lat' dir='ltr'><strong>³Bodini.</strong></span> <span class='ocrx_word' id='word_1_333' title='bbox 2294 3656 2501 3705; x_wconf 83' lang='lat' dir='ltr'><strong>Method.</strong></span> <span class='ocrx_word' id='word_1_334' title='bbox 2531 3658 2647 3706; x_wconf 81' lang='lat' dir='ltr'><strong>His-</strong></span> 
     </span>
     <span class='ocr_line' id='line_1_36' title="bbox 357 3720 806 3785; baseline -0.002 -17.995"><span class='ocrx_word' id='word_1_335' title='bbox 357 3720 480 3785; x_wconf 73' lang='lat' dir='ltr'><strong>crisa,</strong></span> <span class='ocrx_word' id='word_1_336' title='bbox 534 3735 552 3765; x_wconf 88' lang='lat'>1</span> <span class='ocrx_word' id='word_1_337' title='bbox 623 3720 654 3765; x_wconf 86' lang='lat' dir='ltr'><strong>i.</strong></span> <span class='ocrx_word' id='word_1_338' title='bbox 677 3734 718 3765; x_wconf 85' lang='lat' dir='ltr'><strong>c.</strong></span> <span class='ocrx_word' id='word_1_339' title='bbox 741 3720 806 3767; x_wconf 87' lang='lat' dir='ltr'><strong>iv.</strong></span> 
     </span>
    </p>
   </div>
   <div class='ocr_carea' id='block_1_6' title="bbox 337 3795 2643 3985">
    <p class='ocr_par' dir='ltr' id='par_1_7' title="bbox 337 3795 2643 3985">
     <span class='ocr_line' id='line_1_37' title="bbox 399 3795 2643 3907; baseline 0.002 -24"><span class='ocrx_word' id='word_1_340' title='bbox 399 3832 424 3867; x_wconf 57' lang='grc' dir='ltr'><strong><em>Β</em></strong></span> <span class='ocrx_word' id='word_1_341' title='bbox 454 3836 613 3883; x_wconf 82' lang='lat' dir='ltr'><strong>That&#39;</strong></span> <span class='ocrx_word' id='word_1_342' title='bbox 599 3850 652 3895; x_wconf 75' lang='lat' dir='ltr'><strong>is,</strong></span> <span class='ocrx_word' id='word_1_343' title='bbox 692 3836 753 3883; x_wconf 80' lang='lat' dir='ltr'><strong>he</strong></span> <span class='ocrx_word' id='word_1_344' title='bbox 773 3842 918 3885; x_wconf 79' lang='lat' dir='ltr'><strong>wrote</strong></span> <span class='ocrx_word' id='word_1_345' title='bbox 951 3836 1118 3896; x_wconf 76' lang='lat' dir='ltr'><strong>Greek,</strong></span> <span class='ocrx_word' id='word_1_346' title='bbox 1148 3837 1310 3907; x_wconf 71' lang='lat' dir='ltr'><strong>Latin,</strong></span> <span class='ocrx_word' id='word_1_347' title='bbox 1345 3795 1439 3884; x_wconf 81' lang='lat' dir='ltr'><strong>and</strong></span> <span class='ocrx_word' id='word_1_348' title='bbox 1538 3838 1888 3885; x_wconf 63' lang='lat' dir='ltr'><strong>commentaria</strong></span> <span class='ocrx_word' id='word_1_349' title='bbox 1907 3852 1970 3885; x_wconf 84' lang='lat' dir='ltr'><strong>on</strong></span> <span class='ocrx_word' id='word_1_350' title='bbox 1990 3840 2070 3886; x_wconf 79' lang='lat' dir='ltr'><strong>the</strong></span> <span class='ocrx_word' id='word_1_351' title='bbox 2092 3838 2365 3899; x_wconf 77' lang='lat' dir='ltr'><strong>Scripturas,</strong></span> <span class='ocrx_word' id='word_1_352' title='bbox 2396 3840 2492 3887; x_wconf 83' lang='lat' dir='ltr'><strong>aud</strong></span> <span class='ocrx_word' id='word_1_353' title='bbox 2514 3854 2643 3887; x_wconf 65' lang='lat' dir='ltr'><strong>sen-</strong></span> 
     </span>
     <span class='ocr_line' id='line_1_38' title="bbox 337 3920 2641 3985; baseline 0.003 -19"><span class='ocrx_word' id='word_1_354' title='bbox 337 3920 537 3967; x_wconf 77' lang='lat' dir='ltr'><strong>Hebrew</strong></span> <span class='ocrx_word' id='word_1_355' title='bbox 571 3934 842 3979; x_wconf 59' lang='lat' dir='ltr'><strong>grammata.</strong></span> <span class='ocrx_word' id='word_1_356' title='bbox 924 3920 1022 3968; x_wconf 81' lang='lat' dir='ltr'><strong>But</strong></span> <span class='ocrx_word' id='word_1_357' title='bbox 1055 3921 1114 3969; x_wconf 81' lang='lat' dir='ltr'><strong>he</strong></span> <span class='ocrx_word' id='word_1_358' title='bbox 1156 3921 1256 3969; x_wconf 82' lang='lat' dir='ltr'><strong>also</strong></span> <span class='ocrx_word' id='word_1_359' title='bbox 1297 3926 1441 3969; x_wconf 77' lang='lat' dir='ltr'><strong>wrote</strong></span> <span class='ocrx_word' id='word_1_360' title='bbox 1538 3922 1610 3972; x_wconf 74' lang='lat' dir='ltr'><strong>ral</strong></span> <span class='ocrx_word' id='word_1_361' title='bbox 1628 3922 1813 3971; x_wconf 79' lang='lat' dir='ltr'><strong>learned</strong></span> <span class='ocrx_word' id='word_1_362' title='bbox 1836 3924 1989 3973; x_wconf 76' lang='lat' dir='ltr'><strong>wotks</strong></span> <span class='ocrx_word' id='word_1_363' title='bbox 2010 3938 2069 3973; x_wconf 79' lang='lat' dir='ltr'><strong>on</strong></span> <span class='ocrx_word' id='word_1_364' title='bbox 2090 3925 2283 3985; x_wconf 75' lang='lat' dir='ltr'><strong>history,</strong></span> <span class='ocrx_word' id='word_1_365' title='bbox 2308 3924 2451 3973; x_wconf 74' lang='lat' dir='ltr'><strong>belles</strong></span> <span class='ocrx_word' id='word_1_366' title='bbox 2470 3924 2641 3981; x_wconf 77' lang='lat' dir='ltr'><strong>lettres,</strong></span> 
     </span>
    </p>
   </div>
  </div>
 </body>
</html>
