2834 4467
346 207 469 273 346
1121 228 1534 275 cAmnnsrsm
1565 226 1874 273 nvrnsus.

2311 248 2316 255 ·
2389 227 2553 293 [cst.
2579 226 2672 277 VI.

343 382 561 439 sarium
580 401 699 440 non
714 382 1003 452 eveheret,
1028 382 1079 440 si
1105 401 1221 440 non
1244 402 1379 441 eum
1400 380 1646 440 Giraldo
1654 381 1794 456 jure
1811 379 2109 439 obstitisse
2135 378 2398 439 sentiret.
2449 381 2674 455 Itaque

341 500 458 538 non
484 481 779 540 immerite
812 482 1091 541 Giraldus
1126 501 1302 557 quem
1329 490 1423 539 tot
1463 481 1712 538 ambivit
1739 480 2054 538 sudoribus
2091 480 2516 555 Episcopatum
2547 500 2672 537 non

340 580 680 638 exambivit.
760 581 1117 657 Episcopum
1158 581 1315 638 enim
1341 580 1670 656 Apostolus
1719 586 1756 611 ‘⁴
1773 579 2162 655 litigiosum⁸’'
2207 598 2330 636 esse
2370 588 2562 648 vetat,
2609 588 2674 637 et

342 680 717 757 Evangelista
742 680 939 738 docet:
972 686 1009 713 “
1024 689 1096 738 ut
1118 680 1173 738 ei
1190 680 1297 755 qui
1313 680 1451 738 vult
1471 687 1666 737 tecum
1687 678 1750 735 in
1770 678 1998 752 judicio
2025 678 2388 745 contendere,
2409 686 2476 736 et
2497 679 2674 735 tuni-

338 797 465 837 cam
493 787 656 835 tuam
696 779 919 847 tollere,
961 788 1035 835 ut
1072 778 1337 836 dimittas
1370 778 1426 835 ei
1465 786 1527 835 et
1564 776 1891 853 pallium⁹.”
1959 776 2152 851 Cujus
2179 777 2281 844 rei,
2325 796 2444 833 non
2478 777 2670 835 modo

340 875 643 952 theologiae
664 876 1057 945 candidatum,
1080 876 1181 933 sed
1200 874 1462 952 apprime
1483 894 1751 951 gnarum,
1769 875 2042 951 ignarum
2064 875 2244 933 fuisse
2259 875 2394 950 quis
2410 874 2670 933 credat?

456 973 685 1031 Verum
727 972 801 1030 ad
836 974 1207 1031 ariolationes
1246 974 1508 1031 animum
1543 973 1886 1049 adjungere,
1917 973 2098 1048 quam
2137 974 2204 1030 in
2245 972 2670 1049 theologorum

339 1073 634 1131 subselliis
649 1073 868 1131 versari
895 1072 1122 1130 maluit.
1206 1072 1444 1130 Merlini
1471 1072 1626 1129 enim
1653 1072 2039 1130 divinationes
2066 1072 2154 1129 ita
2181 1072 2452 1147 deperiit,
2483 1083 2562 1129 ut
2591 1075 2669 1130 ab

338 1172 475 1243 illis,
511 1179 547 1205 ‘⁴
567 1172 845 1230 Historiae
864 1172 1193 1230 vaticinalis
1209 1173 1247 1204 ”
1284 1190 1494 1229 nomen
1521 1170 1644 1229 suis
1665 1170 1738 1228 de
1766 1170 2067 1227 Hiberniae
2094 1179 2448 1246 expugnatae
2488 1170 2668 1227 libris

340 1292 401 1329 se
418 1271 699 1329 indidisse
723 1272 1089 1348 glorietur-¹⁰3
1118 1278 1327 1348 utpote
1353 1272 1575 1347 quibus
1603 1277 1642 1303 “
1659 1271 1898 1329 Merlini
1918 1271 2198 1329 vaticinia
2215 1279 2335 1327 tam
2353 1270 2670 1328 Caledonii

340 1369 517 1447 quem
538 1372 841 1429 Ambrosii
867 1372 1008 1429 locis
1036 1371 1505 1448 competentibus
1532 1388 1641 1446 pro
1667 1379 1739 1428 ut
1766 1388 1857 1427 res
1883 1371 2160 1447 exigebat
2184 1370 2501 1428 inseruit.”
2581 1372 2668 1427 Et

198 1462 315 1528 [43]
341 1469 620 1527 Giraldus
644 1470 863 1528 ibidem
890 1469 1133 1528 effusius
1159 1470 1223 1527 in
1250 1468 1490 1527 Merlini
1519 1466 1530 1546 Ι
1561 1468 1762 1526 laudes
1789 1487 2108 1525 excurrens
2137 1468 2357 1526 subdit.
2429 1476 2469 1501 ‘⁶
2490 1468 2666 1525 Non-

338 1565 481 1623 dum
502 1568 790 1626 Merlinus
810 1568 1161 1627 Caledonius
1180 1567 1580 1624 Britannicam
1605 1576 1826 1624 exutus
1851 1567 2196 1637 barbariem,
2221 1586 2410 1643 usque
2435 1568 2513 1625 ad
2533 1568 2666 1627 haec

336 1672 537 1721 nostra
562 1673 825 1741 tempora
846 1650 1267 1742 latuit‘parum
1302 1664 1558 1741 agnitus.
1642 1665 1700 1721 N
1701 1672 1874 1722 ostrae
1904 1663 2220 1722 videbatur
2255 1666 2542 1723 interesse
2570 1667 2662 1723 di-

335 1764 609 1839 ligentiae,
646 1764 770 1837 jam
811 1765 1007 1840 ipsum
1034 1766 1109 1822 ab
1134 1764 1412 1839 antiquis,
1457 1772 1518 1821 et
1557 1763 1804 1821 occultis
1841 1762 2241 1821 scrutabunda
2267 1764 2664 1839 inquisitione

335 1863 591 1933 latebris,
615 1872 689 1921 ut
712 1863 1019 1940 pulchrius
1046 1865 1348 1932 elucescat,
1378 1864 1441 1920 in
1469 1882 1775 1921 commune
1795 1863 2096 1942 deducere,
2117 1872 2178 1919 et
2202 1864 2277 1920 ab
2304 1864 2664 1939 ignorantiae

335 1961 593 2019 tenebris
634 1964 696 2019 in
737 1962 928 2020 lucem
970 1962 1300 2020 transferre.
1390 1962 1450 2019 N
1452 1981 1528 2017 on
1566 1960 1838 2018 indecens
1881 1960 2072 2029 enim,·
2097 1979 2215 2042 non
2254 1959 2660 2037 incongruum

333 2058 523 2117 videri
548 2060 738 2129 debet,
768 2060 815 2117 si
852 2061 915 2117 id
941 2060 1099 2117 unde
1124 2059 1546 2117 authoritatem
1573 2068 1634 2116 et
1657 2059 2079 2135 praeseientiam
2106 2076 2330 2116 necnon
2357 2068 2417 2117 et
2445 2061 2660 2118 vatici-

336 2159 468 2216 nale
486 2179 695 2217 nomen
713 2159 963 2217 sortitur
974 2158 1235 2229 historia,
1256 2159 1317 2216 id
1338 2158 1452 2235 ipsi
1472 2157 1671 2235 statim
1689 2158 2068 2214 continuetur
2085 2156 2445 2215 historiae¹¹.”
2471 2158 2657 2219 Certe

336 2256 495 2326 alibi,
512 2257 718 2315 asserit
737 2264 772 2290 “
789 2257 1049 2315 Henrico
1068 2256 1636 2335 II.Topographiam,
1654 2254 1776 2312 filio
1791 2256 1920 2329 ejus
1935 2255 2302 2313 vaticinalem
2319 2255 2657 2327 historiam,

337 2355 444 2411 ded
452 2355 730 2425 icessemss’
749 2365 823 2414 ut
838 2355 1033 2414 multo
1051 2357 1227 2414 malle
1240 2356 1512 2413 videatur
1523 2353 1993 2412 lucubrationem
2011 2356 2514 2414 suamvaticinalis
2531 2357 2658 2415 his-

337 2453 503 2510 toriae
529 2455 779 2523 nomine,
804 2455 982 2530 quam
1001 2456 1303 2513 Hiberniae
1330 2462 1682 2529 expugnatae
1709 2453 2000 2529 insigniri.
2043 2454 2402 2512 Testimonio
2425 2456 2658 2515 scilicet

337 2552 738 2609 narrationum
760 2572 1001 2611 suarum
1023 2574 1055 2611 e
1076 2554 1312 2611 Merlini
1332 2553 1598 2631 trypode,
1621 2553 1670 2611 si
1691 2553 1802 2610 diis
1817 2536 2028 2629 placet,
2051 2554 2417 2633 depromptO,
2440 2556 2658 2615 laudes

400 2706 511 2755 8Ad
534 2708 735 2755 Timoth.
751 2724 791 2757 c.
814 2710 879 2757 iii.
945 2714 966 2744 9
982 2710 1098 2757 Mat.
1123 2725 1163 2757 c.
1182 2725 1229 2757 v.
1248 2724 1343 2757 ver.
1359 2713 1441 2759 40.
1509 2713 1551 2745 1⁰
1569 2710 1758 2769 Ussher,
1775 2710 1977 2771 Sylloge,
2003 2725 2049 2771 p.
2075 2713 2187 2759 110.
2255 2715 2293 2747 11
2320 2712 2431 2760 Hib.
2452 2713 2654 2775 Expug.

334 2772 414 2819 lib.
438 2771 486 2818 ii.
512 2788 551 2819 c.
583 2776 683 2819 32:
729 2776 769 2807 1²
792 2774 1011 2821 Praefatio
1034 2776 1267 2822 Itinerarii
1291 2776 1537 2823 Cambriae.

294 2958 299 2963 p
400 2896 423 2931 ¹³
439 2900 485 2947 A
498 2901 647 2947 better
667 2901 803 2959 proof
817 2900 869 2948 of
884 2902 963 2949 the
981 2902 1133 2948 defeat
1153 2901 1205 2948 of
1217 2900 1438 2949 Giraldus

334 2987 383 3033 is·
410 2987 484 3035 his
518 3001 622 3034 own
652 2986 904 3033 ulmission
936 2987 991 3032 of
1019 2988 1099 3033 the
1130 2991 1251 3033 most
1280 2987 1438 3047 heavy

330 3074 541 3134 charges.
622 3074 700 3120 He
720 3073 856 3119 could
876 3078 960 3120 not
980 3088 1143 3120 accuse
1168 3056 1253 3120 the
1268 3074 1440 3119 'native

335 3157 457 3203 Irish
478 3157 639 3217 clergy
658 3157 713 3203 of
736 3157 1076 3217 incontinency.
1144 3158 1223 3204 He
1242 3158 1439 3203 accused

332 3241 459 3287 them
482 3242 535 3287 of
550 3242 786 3301 drinking.
862 3241 998 3288 Felix
1031 3241 1314 3302 o’nunany‚
1353 3228 1438 3287 Bi-

332 3326 447 3385 shop
468 3328 522 3375 of
546 3327 735 3387 Ossory,
758 3327 893 3373 when
916 3328 1059 3373 ashed
1091 3328 1156 3386 by
1179 3326 1258 3372 the
1281 3326 1438 3372 Arch-

331 3410 495 3469 bishop
517 3412 569 3457 os
577 3410 754 3457 Dublin
769 3411 895 3457 what
916 3412 975 3456 he
990 3410 1192 3469 thought
1208 3410 1259 3455 of
1277 3409 1438 3457 Giral·

331 3493 457 3541 dus’s
489 3496 732 3553 discourse,
764 3495 1025 3542 answered:
1054 3494 1217 3549 “Quia
1233 3493 1436 3539 multum

330 3581 440 3627 boni
461 3581 587 3627 mala
600 3582 746 3637 dixit3
770 3560 955 3627 vocavit
971 3594 1055 3626 nos
1076 3585 1283 3639 potores:
1308 3578 1434 3626 cert&

331 3668 419 3713 vix
439 3678 513 3711 me
538 3666 745 3712 continui
766 3666 888 3725 quod
909 3666 1075 3712 statim
1096 3665 1144 3711 in
1165 3664 1318 3723 ipsum
1340 3678 1433 3711 non

329 3751 769 3811 invelavi-'’-Any.
792 3751 896 3797 Sae.
920 3750 1014 3797 vol.
1034 3750 1081 3795 ii.
1106 3764 1151 3809 p.
1176 3751 1288 3796 489.

412 3835 667 3899 *Giraldus
698 3834 805 3881 tells
840 3836 919 3881 the
952 3834 1149 3880 motives
1186 3834 1291 3881 that
1328 3848 1432 3880 sus-

329 3921 485 3967 tained
506 3921 604 3967 him
618 3920 676 3965 'in
697 3920 771 3965 his
799 3918 911 3979 long
932 3924 1146 3966 contests.
1220 3921 1249 3945 ‘⁶
1265 3918 1313 3965 It
1336 3933 1434 3966 was

1535 2901 1790 2961 pleasant‚”
1813 2902 1871 2948 he
1893 2914 2014 2961 says,
2045 2903 2138 2948 “to
2158 2902 2216 2947 be
2238 2902 2426 2961 pointed
2452 2908 2518 2961 at,
2551 2906 2654 2951 and

1535 2992 1648 3038 hear
1681 3004 1789 3037 men
1821 3004 1921 3049 say,
1941 2990 1964 3015 ¹
1978 2990 2082 3035 that
2113 2988 2155 3035 is
2191 2987 2279 3035 he.‘
2295 2986 2320 3010 ”
2387 2986 2479 3034 His
2517 2988 2654 3047 right

1537 3074 1665 3134 wing
1683 3087 1783 3119 was
1804 3087 1833 3119 a
1853 3086 1966 3131 pure
1993 3072 2235 3129 intention,
2273 3073 2367 3119 and
2395 3073 2478 3119 the
2497 3073 2653 3120 honor

1537 3158 1590 3204 of
1606 3157 1676 3206 St.
1697 3157 1878 3214 David3
1914 3157 1986 3203 his
2007 3156 2106 3214 left,
2129 3157 2306 3203 human
2327 3154 2652 3215 89913υωῖ-

1541 3246 1573 3270 “
1594 3245 1716 3290 Laus
1731 3248 1778 3290 et
1790 3243 1941 3303 gloria
1955 3256 2098 3302 quam
2111 3243 2254 3289 etiam
2275 3242 2325 3289 in
2348 3242 2480 3289 terris
2501 3256 2648 3303 prop-

1538 3331 1608 3373 ter
1632 3327 1756 3373 hunc
1787 3332 1887 3373 tam
1915 3326 2117 3374 nobilem
2139 3341 2304 3374 ausum
2325 3327 2650 3388 aggressum.”

1535 3410 1780 3470 -Anylia
1806 3410 1909 3456 Sac.
1935 3410 2026 3457 vol.
2051 3410 2098 3457 ii.
2123 3426 2168 3471 p.
2193 3414 2306 3458 559.

1599 3491 1623 3526 k
1647 3494 1816 3553 Chaps.
1840 3495 1904 3541 vi.
1919 3495 2014 3541 and
2034 3494 2104 3541 ix·
2123 3495 2176 3541 of
2191 3494 2393 3542 White‘s
2408 3496 2648 3556 Apdoyia

1533 3594 1612 3627 are
1631 3595 1692 3626 on
1713 3581 1794 3627 the
1815 3576 2134 3639 superstitious
2155 3581 2210 3628 of
2235 3580 2470 3629 Gis-aldus.
2543 3582 2646 3628 The

1531 3663 1718 3711 learned
1738 3664 1886 3710 editor
1907 3665 1958 3710 of
1987 3666 2066 3712 the
2089 3665 2267 3725 Anylia
2301 3666 2450 3713 Sacra
2483 3680 2646 3725 passes

1531 3750 1626 3796 this
1653 3763 1820 3807 severe,
1843 3750 1930 3797 but
1947 3750 2050 3809 just
2067 3750 2316 3809 judgment
2327 3764 2388 3796 on
2411 3751 2492 3798 the
2512 3765 2644 3799 same

1533 3836 1739 3896 subject:
1781 3837 1812 3861 ‘⁴
1831 3830 1970 3883 Certe
1992 3835 2274 3889 dissimulari
2294 3836 2458 3896 nequit
2480 3835 2645 3885 Giral-

1531 3920 1644 3966 dum
1667 3920 1820 3967 virum
1853 3919 1970 3967 alias
2003 3920 2393 4001 sapientissimum
2427 3922 2636 3979 somniis,
