2834 4467
370 196 412 258 4
1084 272 1088 277 ι
1118 208 1429 256 anstrum
1459 180 1917 255 nnmcssonu.

371 382 634 424 meorum
647 363 710 419 in
726 363 898 421 corde
913 382 1040 421 meo
1053 382 1078 421 t.
1101 363 1519 437 consolationes
1538 372 1655 421 tuae
1671 361 2119 421 laetificaverunt
2140 361 2389 419 animam
2411 364 2687 421 meam³.'’

371 465 688 542 Aspiciunt
713 465 884 535 enim,
915 465 1032 522 imo
1061 464 1391 542 suspiciunt
1416 462 1577 539 quod

827 624 834 633 ·
893 606 921 629 “
935 604 1044 651 Non
1065 607 1298 651 armatum
1319 616 1489 676 agmen
1510 616 1593 663 pro
1614 606 1662 649 te
1682 603 1761 649 sed
1782 601 1951 649 militet
1971 602 2161 649 aethcr.”

373 731 454 787 Et
479 730 836 788 succlamant
863 730 946 790 01
975 750 1114 789 vera
1141 734 1179 765 “
1198 731 1452 788 mutatio
1477 730 1735 788 dexterae
1762 729 2015 787 excelsi”
2042 728 2330 787 mehercle
2378 733 2416 761 “
2446 728 2687 805 digitus

373 828 486 886 Dei
510 836 600 885 est
624 827 800 886 hic⁴.”
851 834 889 862 “
906 828 1314 887 Exhonoravit
1334 829 1625 886 Dominus
1644 835 1965 885 conventus
1985 828 2272 885 malorum
2293 834 2353 886 et
2374 827 2688 885 destruxit

370 944 465 981 eos
491 925 767 999 usquein
792 924 995 984 finem:
1037 925 1200 983 sedes
1223 924 1447 983 ducum
1472 926 1861 1001 superborum
1899 924 2157 983 destruit
2183 926 2361 993 Deus,
2390 933 2452 982 et
2478 924 2689 983 sedere

369 1024 511 1081 facit
537 1024 709 1081 mites
735 1043 842 1099 pro
882 1022 1048 1081 eis⁵.”
1129 1025 1354 1100 Utpote
1389 1024 1556 1081 ultor
1590 1042 1883 1100 exurgens
1911 1025 2089 1093 Deus,
2126 1025 2190 1081 in
2232 1023 2403 1099 virga
2445 1024 2645 1081 ferrea
2671 1022 2682 1101 Ι

249 1126 352 1191 [ii-J
373 1130 648 1196 tanquam
674 1141 776 1179 vas
802 1121 972 1197 figuli
991 1122 1277 1198 confregit
1296 1140 1408 1191 eos,
1432 1121 1539 1197 qui
1557 1121 1915 1181 adstiterunt
1940 1121 2219 1180 adversus
2245 1122 2588 1191 Dominum,
2622 1132 2689 1181 et

367 1218 646 1275 adversus
675 1218 982 1276 Christum
1007 1216 1154 1293 ejus',
1184 1219 1487 1296 cupientes
1513 1218 1799 1295 projicere
1824 1238 1857 1276 a
1885 1200 1945 1277 se
1965 1219 2184 1296 jugum
2209 1219 2433 1295 ipsius⁶.
2512 1220 2687 1278 Deus

369 1316 526 1373 enim
551 1317 823 1374 manibus
848 1316 1125 1386 hostium,
1156 1336 1331 1386 arma,
1362 1324 1425 1375 et
1448 1316 1723 1373 cordibus
1748 1316 2022 1374 ferociam
2042 1318 2319 1387 excussit,
2340 1337 2407 1375 ac
2427 1319 2687 1394 perfecit

369 1423 457 1483 ut,
488 1416 587 1471 cui
613 1415 798 1473 vitam
824 1396 892 1472 et·
909 1412 1221 1490 imperium
1249 1414 1475 1489 eripere
1514 1413 1655 1471 totis
1696 1412 1925 1470 viribus
1968 1414 2144 1489 paulo
2184 1414 2322 1473 ante
2362 1416 2683 1473 contende-

367 1522 530 1581 runt,
559 1512 745 1571 eidem
763 1513 902 1570 vitae
928 1512 1200 1588 necisque
1227 1531 1344 1570 suae
1371 1506 1719 1587 potestatem
1744 1506 2133 1581 contulerint3
2163 1519 2224 1570 et
2248 1531 2425 1587 quem
2445 1512 2685 1569 dudum

369 1630 475 1686 pro
495 1610 625 1667 diro
649 1611 816 1667 hoste
855 1610 1212 1678 habuerunt,
1257 1610 1320 1666 in
1359 1612 1578 1683 Regem
1619 1610 1731 1667 sibi
1772 1610 2131 1686 postliminio
2166 1610 2535 1676 adsciverint,
2584 1620 2681 1681 ut,

369 1729 484 1766 non
511 1710 782 1779 inaniter,
813 1708 1102 1784 quispiam
1129 1708 1447 1783 proesagire
1471 1708 1737 1783 potuerit
1750 1707 1923 1791 guod

1605 1846 1635 1870 “
1651 1843 1749 1891 Via
1768 1844 1920 1903 prima
1940 1843 2117 1902 salutis,

923 1926 1059 1983 Quod
1081 1925 1274 1973 minime
1297 1926 1425 1985 reris,
1452 1932 1607 1974 vestro
1630 1925 1858 1987 pandetur
1878 1928 1939 1974 ab
1959 1927 2091 1974 hoste
2104 1928 2151 1973 :”

259 2098 264 2105 ,
371 2054 464 2108 Ac
489 2052 612 2127 ipse
639 2070 774 2108 cum
803 2049 1082 2107 Zacharia
1109 2050 1299 2107 dicere
1324 2050 1555 2120 valeas3
1600 2055 1635 2082 “
1657 2048 1920 2107 Salutem
1960 2069 2034 2108 ex
2069 2051 2321 2110 inimicis
2347 2056 2585 2126 nostris,
2622 2066 2687 2114 et

275 2149 282 2155 ’
371 2150 442 2206 de
467 2168 646 2206 manu
672 2148 934 2206 omnium
949 2148 1068 2223 qui
1093 2148 1346 2205 oderunt
1371 2150 1551 2205 nos⁷.”

491 2246 686 2314 Quare
703 2246 827 2319 jam
854 2244 1165 2302 asserimus
1192 2244 1352 2319 qubd
1399 2250 1438 2277 ‘⁴
1454 2244 1695 2303 redeant
1722 2244 2001 2305 Saturnia
2026 2244 2204 2323 regna
2226 2250 2282 2306 :”
2310 2249 2451 2323 quia
2476 2248 2685 2309 hostes

367 2362 486 2401 non
503 2343 589 2400 ita
607 2342 834 2419 pridem
854 2341 1234 2411 infestissimi,
1257 2340 1487 2398 subditi
1501 2351 1560 2398 et
1577 2341 1836 2412 rebelleS,
1859 2343 2153 2417 prioribus
2172 2344 2425 2403 dissidiis
2444 2348 2681 2422 positis,

367 2422 753 2515 societateque
773 2440 897 2513 jam
923 2438 1089 2508 inita,
1118 2438 1182 2494 in
1209 2446 1447 2496 mutuos
1473 2438 1776 2514 amplexus
1803 2422 2016 2495 ruunt:
2046 2458 2159 2496 non
2188 2460 2352 2498 secus
2376 2461 2443 2498 ac
2486 2448 2525 2475 “
2541 2463 2682 2519 par-

368 2540 480 2597 dus
489 2548 550 2596 et
564 2538 768 2596 haedus
787 2539 1163 2612 requiescunt
1177 2537 1370 2606 simul,
1387 2545 1449 2593 et
1468 2538 1570 2593 bos
1586 2545 1647 2594 et
1662 2535 1753 2592 leo
1767 2536 2079 2594 comedunt
2098 2538 2363 2612 paleas‘⁸.”
2388 2546 2425 2571 ‘⁴
2435 2541 2495 2598 N
2497 2560 2683 2616 equa-

369 2656 546 2711 quam
572 2644 646 2693 ut
670 2636 777 2691 bos
809 2633 994 2691 discat
1021 2632 1332 2701 feritatem,
1363 2633 1465 2689 sed
1499 2633 1589 2689 leo
1615 2631 1891 2689 doceatur
1920 2635 2509 2694 mansuetudinem⁹.”
2555 2639 2684 2707 Qui

369 2735 511 2793 facit
539 2740 577 2767 “
597 2750 806 2807 sugere
824 2731 940 2789 mel
966 2731 1038 2787 de
1064 2729 1251 2807 petra,
1281 2739 1343 2787 et
1367 2730 1563 2787 oleum
1588 2730 1660 2786 de
1700 2748 1839 2787 saxo
1866 2730 2275 2798 durissimo¹⁰‚”
2315 2753 2381 2793 ae
2422 2742 2460 2768 ‘⁶
2479 2745 2683 2811 potest

370 2834 442 2891 de
466 2833 761 2909 lapidibus
788 2830 1069 2888 suscitare
1093 2828 1244 2886 filios
1276 2826 1627 2897 Abrahae¹¹,”
1652 2828 1941 2887 belluinae
1965 2829 2225 2889 hostium
2263 2842 2487 2892 mentes
2514 2837 2682 2896 cicu-

369 2917 542 3002 ravit‚
571 2939 631 2989 et
658 2931 845 2987 ferrea
869 2928 1044 2986 corda
1069 2926 1391 2985 emollivit:
1419 2927 1702 2985 nimirum
1723 2934 1794 2987 ut
1814 2928 2119 3003 gloriosior
2145 2931 2219 2987 ad
2246 2940 2305 2989 te
2330 2933 2402 2989 de
2430 2939 2685 2995 servatis

370 3022 614 3100 civibuS,
644 3029 824 3105 quam
851 3028 924 3085 de
949 3027 1108 3085 caesis
1134 3025 1403 3083 hostibus
1424 3025 1669 3083 victoria
1688 3028 2037 3101 perveniret,
2062 3038 2123 3087 et
2149 3032 2503 3090 cumulatior
2524 3046 2685 3101 esset
2808 2992 2810 3110 ⁴

370 3131 631 3188 omnium
651 3128 723 3186 de
747 3148 886 3205 pace
906 3126 1128 3196 laetitia,
1154 3144 1328 3201 quam
1349 3124 1519 3182 editae
1545 3125 1850 3183 hominum
1878 3135 2099 3203 strages
2127 3146 2243 3186 non
2270 3130 2679 3205 funestarunt,

371 3228 470 3285 sed
509 3227 818 3284 concordes
856 3224 1052 3293 animi,
1097 3231 1159 3281 et
1184 3222 1257 3280 ad
1283 3222 1633 3297 obsequium
1658 3224 1772 3281 tibi
1800 3224 1922 3281 sine
1948 3226 2103 3283 bello
2128 3227 2435 3291 victoriam
2461 3238 2525 3288 et
2553 3232 2684 3291 sine

369 3326 522 3384 caede
537 3324 910 3401 triumphum
929 3330 1238 3380 consecuto
1256 3320 1635 3379 deferendum
1653 3321 1988 3381 anhelantes
2009 3324 2413 3385 concilffirunt.
2435 3328 2685 3389 Laetitia

370 3423 690 3480 exiluimus
709 3422 884 3496 quini,
908 3421 972 3479 in
999 3421 1282 3479 scelerum
1308 3420 1743 3489 condonatione,
1772 3419 1883 3478 filii
1907 3423 2137 3499 prodigi
2156 3432 2389 3501 patrem'
2402 3428 2683 3490 imitatus

369 3519 612 3587 fueris¹¹‚
642 3518 749 3593 qui
773 3517 965 3574 filium
992 3535 1166 3574 suum
1191 3513 1534 3592 gravissime
1561 3515 2013 3591 delinquentem,
2045 3522 2144 3578 sed
2183 3522 2257 3579 ad
2296 3526 2508 3582 bonam
2548 3528 2681 3587 sru-

371 3636 503 3693 gem
527 3637 590 3676 se
616 3623 816 3694 postea
842 3614 1233 3691 recipientem,
1262 3633 1386 3673 non
1407 3614 1595 3671 solnm
1614 3614 1784 3673 uenia
1809 3626 2155 3693 prosecutus
2180 3630 2287 3691 est,
2317 3623 2417 3679 sed
2443 3643 2683 3704 summo

434 3822 456 3850 ³
479 3821 554 3867 Pa
571 3820 696 3867 xciii.
716 3792 793 3867 19'.
823 3819 1124 3867 *Εκοᾱπῑῑι
1144 3820 1220 3865 19.
1256 3791 1698 3867 uicensimam.
1742 3816 1855 3867 ⁶1²³.
1876 3822 1923 3868 ii.
1967 3823 2260 3872 mannae.
2317 3826 2519 3886 ⁸1saiah,
2538 3831 2610 3878 xi.
2632 3836 2676 3879 s.
2802 3794 2809 3823 ⁴

369 3887 391 3917 ⁹
409 3885 452 3934 S.
483 3886 670 3933 Hieron.
697 3886 757 3932 ad
775 3885 956 3933 Eustoc.
1029 3886 1068 3914 ¹⁰
1083 3885 1220 3931 Dent.
1248 3885 1408 3931 xxxii.
1439 3887 1512 3931 13.
1586 3885 1621 3915 ¹¹
1641 3884 1749 3931 Luc.
1775 3885 1840 3932 iii.
1866 3887 1907 3933 8.
1981 3889 2018 3917 ¹⁴¹
2036 3888 2145 3936 Luc.
2170 3903 2253 3937 xv.
