2834 4467
315 229 441 293 358
1091 244 1502 289 cAmnnnnsrs
1533 244 1842 289 nvnnsus
2361 248 2520 313 [cst.
2542 246 2638 295 Ἦ,

311 402 425 458 ista
452 398 731 459 Giraldus
760 374 863 457 sed
886 398 1167 477 Apolline
1191 416 1393 457 everso
1416 396 1636 455 effusit.
1717 356 1822 455 Isix'
1839 397 2032 489 quaen
2040 416 2195 473 nque
2219 400 2513 459 nimirum
2541 420 2638 459 co-

311 498 597 573 gitatione
622 497 787 555 illius
814 496 1077 555 animum
1104 497 1413 563 subeunte,
1431 495 1684 553 infamiae
1705 494 1990 553 Hibernis
2013 496 2412 571 comparanda
2432 516 2640 555 ansam
2749 492 2754 500 ’

312 598 571 673 arripere
588 596 907 664 consuevit,
932 594 1173 654 minime
1188 596 1446 653 recolens
1467 613 1586 651 non
1611 613 1644 651 e
1664 593 1929 669 quolibet
1953 594 2118 670 ligno
2137 595 2236 672 (ut
2251 596 2452 669 aiunt)
2476 598 2638 655 Μει-ἱ

314 696 547 755 curium
584 696 745 771 fingi,
784 715 893 753 nec
931 714 963 752 e
1003 694 1271 770 qualibet
1306 694 1674 751 accusatione
1713 692 2254 751 condemnationem
2295 695 2484 769 gigni.
2570 696 2640 753 Si

313 816 407 854 me
445 814 573 853 mea
606 812 725 853 non
762 793 927 851 fallat
953 794 1148 869 opinio
1174 793 1586 869 intempestivo
1623 792 1728 849 illo
1754 792 2036 867 luporum
2063 801 2258 869 partu,
2287 794 2639 869 Anglorum

313 893 783 971 aggredientium
811 893 1177 961 Hiberniam,
1216 901 1277 949 et
1314 912 1422 967 per
1449 892 1643 949 omnia
1677 892 1834 948 ferro
1859 891 2253 966 grassantium
2282 892 2511 950 saevitia
2535 913 2639 970 ap-

314 991 505 1069 posite
532 992 867 1060 denotatur,
896 991 1083 1066 magis
1108 990 1287 1065 quam
1318 990 1722 1047 Hibernorum
1749 989 2006 1065 proditio
2033 998 2094 1046 et
2119 990 2352 1066 rapina3
2381 990 2494 1066 qui
2530 1010 2641 1068 pro

316 1090 461 1161 vita,
491 1090 651 1159 focis,
682 1090 903 1159 liberis,
932 1098 992 1148 et
1018 1088 1371 1165 conjugibus
1398 1096 1603 1145 contra
1627 1094 1999 1163 grassatores,
2023 1098 2083 1147 et
2110 1089 2314 1165 patriae
2339 1090 2642 1165 proditori

318 1210 485 1266 opem
511 1190 765 1248 ferentes
792 1189 969 1254 armis
990 1188 1393 1256 decertabant,
1425 1196 1497 1245 ut
1523 1174 1892 1264 proditionis,
1923 1195 1984 1245 et
2010 1188 2228 1264 rapinae
2253 1190 2552 1263 probrum
2577 1190 2640 1246 in

320 1288 548 1364 Anglos
576 1287 793 1363 potiori
812 1287 967 1361 jure,
998 1286 1179 1363 quam
1204 1286 1269 1343 in
1292 1286 1592 1345 Hibernos
1614 1285 2006 1361 quadraverit.
2087 1287 2274 1362 Angli
2299 1288 2460 1344 enim
2487 1288 2640 1346 Der-

184 1386 301 1451 [46]
321 1386 560 1446 micium
589 1386 1085 1455 Mumhardidem,
1118 1390 1129 1463 Ι
1162 1404 1335 1461 quem
1366 1384 1646 1441 Giraldus
1678 1385 1920 1455 fatetur,
1954 1389 1992 1419 “
2007 1385 2188 1449 fuisse
2211 1386 2510 1451 nobilium
2539 1406 2642 1463 op-

318 1502 658 1569 pressorem,
680 1484 997 1544 humilium
1014 1491 1348 1551 erectorem,
1377 1481 1662 1543 infestum
1681 1482 1830 1551 suiS,
1847 1486 2090 1545 exosum
2111 1483 2336 1553 alicnis,
2358 1470 2666 1542 omnibus

320 1583 575 1659 denique
598 1582 1063 1652 contrarium³⁸,”
1092 1581 1377 1657 suppetiis
1390 1622 1393 1625 -
1398 1580 1708 1661 juverunt,
1733 1588 1793 1638 et
1817 1580 2182 1659 principatus
2203 1582 2506 1661 jacturam
2533 1602 2644 1669 pro

318 1678 559 1758 flagitiis
577 1682 874 1749 meritum,
898 1700 1015 1743 non
1035 1680 1226 1739 solum
1242 1678 1409 1758 justa
1429 1677 1596 1755 paenae‘i
1617 1688 1980 1767 exemerunt,
2001 1680 2101 1740 sed
2117 1680 2443 1746 alienarum
2459 1682 2645 1749 etiam

320 1780 612 1841 ditionum
640 1780 959 1837 accessione
985 1788 1333 1856 potestatem
1360 1778 1490 1853 ejus
1518 1796 1623 1855 per
1643 1777 1806 1842 nefas
1831 1778 2286 1861 amplificarunt,
2316 1789 2377 1838 et
2405 1800 2647 1841 summo

236 1903 241 1912 ·
318 1881 520 1946 furore
554 1898 658 1957 per
687 1879 1033 1944 Hiberniam
1061 1860 1419 1947 debacchati,
1449 1896 1618 1953 agros
1643 1876 1976 1947 vastarunt,
2017 1878 2196 1942 urbes
2231 1878 2644 1955 diripuerunt,

322 1998 387 2037 ac
414 1979 585 2043 tectis
612 1978 765 2042 faces
791 1978 1200 2053 subjecerunt3
1243 1976 1400 2054 quod
1429 1976 1708 2041 Gimldus
1733 1975 1870 2035 cum
1897 1977 2128 2053 passim,
2159 1985 2285 2036 toto
2313 1998 2488 2055 opere
2521 2000 2646 2057 prae

324 2098 384 2135 se
408 2078 543 2147 fert,
575 2090 705 2137 tum
732 2074 1025 2154 praecipue
1053 2076 1287 2153 quando
1314 2076 1586 2151 queritur
1617 2082 1655 2108 “
1671 2084 1794 2138 tam
1821 2095 2030 2141 novam
2057 2085 2295 2152 tamque
2329 2088 2647 2143 cruentam

324 2177 811 2253 conquisitionem
838 2175 1099 2253 plurima
1125 2176 1428 2251 sanguinis
1455 2174 1754 2249 effusione,
1785 2183 1846 2233 et
1875 2175 2224 2235 Christianae
2250 2176 2448 2251 gentis
2487 2177 2648 2242 inte-

324 2276 649 2351 remptione
665 2275 932 2343 faedatam
953 2275 1231 2333 fuissem?
1288 2272 1464 2343 Quod
1487 2273 1536 2331 si
1557 2272 1796 2333 tantum
1821 2274 1886 2330 in
1907 2292 2019 2343 εοε,
2040 2293 2187 2350 quos
2209 2275 2425 2351 Anglis
2442 2276 2646 2335 hostes

220 2386 227 2395 “
327 2375 604 2449 Giraldus
641 2374 889 2443 effinxit,
917 2373 1086 2431 furor
1118 2392 1179 2431 se
1205 2373 1544 2448 Anglorum
1577 2372 1928 2441 exercuerit,
1967 2372 2326 2435 moderatius
2350 2374 2500 2432 ferri
2537 2394 2646 2451 po-

324 2474 477 2539 tuit:
512 2473 613 2531 sed
640 2482 713 2531 ut
740 2473 931 2549 palam
960 2473 1177 2548 rapinae
1204 2471 1712 2540 convincerentur,
1743 2488 1978 2547 rapaces
2003 2490 2210 2533 manus
2237 2473 2312 2529 ab
2341 2472 2646 2535 Hiberno-

325 2593 461 2637 rum
500 2572 615 2631 sibi
654 2572 1077 2648 opitulantium
1114 2572 1283 2629 bonis
1324 2589 1444 2627 non
1468 2567 1660 2627 modo
1703 2588 1820 2627 non
1861 2580 2288 2641 coercuerunt3
2334 2572 2453 2629 imo
2491 2572 2644 2632 vero
2683 2552 2690 2561 ⁵

328 2665 571 2730 Giraldo
610 2679 916 2739 asserente,
960 2676 996 2711 ‘⁶
1015 2679 1200 2728 terras
1234 2668 1736 2737 Hiberniensium,
1774 2669 1881 2743 qui
1922 2688 1956 2725 a
1995 2668 2200 2744 primis
2243 2668 2642 2745 Stephanidae,

328 2770 508 2853 quam
536 2769 783 2829 Comitis
807 2768 1175 2835 adventibuS,
1209 2767 1514 2833 nobiscum
1542 2767 1792 2828 fideliter
1821 2774 2135 2836 steterunt,
2171 2768 2384 2826 vestris
2405 2770 2444 2800 ”
2472 2773 2644 2846 (suos

325 2864 682 2943 alloquitur)
726 2874 977 2933 “contra
1017 2866 1299 2943 promissa
1334 2865 1770 2924 contulistis⁴⁰.”
1853 2866 1943 2927 Ut
1979 2866 2104 2941 jam
2141 2866 2368 2941 liqueat
2399 2866 2466 2923 in
2494 2886 2647 2941 quos

329 2966 679 3043 proditionis
724 2985 789 3030 ac
835 2964 1049 3041 rapinae
1092 2964 1339 3023 crimina
1386 2964 1640 3021 conferri
1681 2963 1946 3033 debeant,
1991 2972 2052 3021 et
2097 2964 2316 3039 quibus
2357 2964 2646 3047 luporum

331 3066 519 3131 alieno
546 3073 807 3140 tempore
833 3064 1005 3126 faetus
1032 3062 1341 3128 edentium,
1360 3061 1734 3138 pronosticon
1759 3060 2194 3122 accommodari.

452 3166 510 3223 N
512 3182 576 3221 ec
602 3144 783 3229 bilem
808 3162 905 3223 cui
944 3169 1174 3222 moveat
1211 3180 1305 3227 me
1340 3161 1571 3227 Giraldi
1608 3161 1674 3217 in
1700 3178 1998 3233 augurum
2028 3158 2340 3235 disciplina
2374 3161 2646 3235 quamvis

334 3263 599 3349 provecti
628 3262 929 3323 sententiae
956 3260 1257 3337 refragari.
1314 3260 1467 3322 Nam
1489 3267 1662 3317 extra
1686 3259 2142 3324 controversiam
2167 3268 2276 3329 est,
2296 3266 2398 3321 ‘res
2423 3260 2486 3323 in
2507 3278 2646 3317 con·

330 3363 565 3440 jectura
603 3364 836 3439 positae,
880 3382 987 3439 pro
1031 3360 1490 3435 conjectantium
1527 3358 1794 3437 ingeniis,
1835 3360 1900 3417 in
1933 3360 2252 3419 contrarias
2291 3359 2646 3435 interpreta-

330 3468 521 3524 tiones
540 3483 657 3531 non
682 3462 1087 3537 infrequenter
1103 3458 1277 3522 trahi.
1332 3458 1501 3517 Audi
1523 3458 1888 3517 Ciceronem:
1915 3465 1951 3498 ‘⁴
1964 3459 2244 3528 Cursor,”
2270 3458 2484 3533 inquit,
2512 3464 2548 3490 “
2569 3459 2648 3515 ad

336 3563 643 3641 Olympios
668 3561 957 3637 proficisci
997 3558 1281 3633 cogitans,
1326 3557 1491 3614 visus
1527 3566 1618 3614 est
1652 3558 1717 3614 in
1752 3557 1969 3614 somnis
2009 3576 2194 3615 curru
2223 3556 2647 3632 quadrigarum

332 3663 487 3731 vehi,
517 3680 685 3719 mane
712 3660 837 3717 adit
862 3659 1264 3733 conjectorem.
1299 3654 1309 3663 ”
1346 3657 1439 3714 At
1464 3656 1580 3724 ille,
1610 3657 1823 3725 vinces,
1853 3657 2068 3731 inquit,
2107 3656 2169 3713 id
2195 3656 2352 3715 enim
2378 3656 2649 3715 celeritas

336 3762 643 3839 significat,
682 3770 741 3819 et
767 3762 857 3819 vis
885 3778 1187 3836 equorum.
1256 3758 1398 3815 Post
1425 3756 1590 3819 idem
1617 3756 1688 3815 ad
1717 3756 2138 3832 Antiphanem.
2203 3757 2292 3813 ‘Is
2319 3765 2537 3826 autem,
2569 3765 2648 3815 tu

702 3974 744 4005 38
767 3970 878 4025 Hib.
905 3970 1095 4032 Expug.
1119 3968 1198 4015 lib.
1224 3968 1252 4013 i.
1278 3983 1319 4014 c.
1344 3969 1388 4013 6.
1457 3969 1497 4000 ³9
1519 3966 1620 4015 Lib.
1645 3967 1693 4013 ii.
1719 3983 1758 4013 c.
1790 3970 1862 4014 10.
1931 3968 1972 4003 4⁰
1989 3967 2105 4013 Ibid.
2131 3982 2169 4012 c.
2195 3968 2273 4013 38.
