2834 4467
363 196 490 261 316
1136 212 1549 259 csunasnsm
1576 214 1889 280 nvnnsus.
2406 217 2559 283 [effi
2586 218 2681 266 Ν,

359 388 516 427 sores
541 368 606 425 in
631 368 830 425 obvias
857 386 1118 443 quasque
1145 366 1304 445 lyras
1329 363 1532 427 earum
1569 367 1938 443 procissione,
1978 368 2185 426 multis
2211 368 2273 425 in
2300 366 2443 425 locis
2470 366 2683 425 imma-

357 469 516 525 niter
553 470 806 525 saeviant.
889 468 1042 523 Nam
1085 467 1250 523 illam
1288 487 1322 523 a
1357 475 1567 525 caetero
1611 474 1906 533 ‚terrarum
1944 468 2087 524 orbe
2126 466 2295 542 quasi
2332 466 2685 523 derelictam

361 567 650 625 Hibernia
675 567 960 643 peculiari
997 566 1248 641 quodam
1277 566 1475 624 studio
1515 567 1599 623 sic
1625 566 1893 642 amplexa
1918 574 2008 623 est
2034 575 2107 623 ut
2133 566 2415 622 musicam
2444 567 2575 639 ejus
2610 566 2683 621 in

357 665 582 723 deliciis
611 674 672 723 et
700 665 883 741 ipsam
904 683 1012 741 pro
1041 665 1374 740 insignibus
1395 654 1691 735 habuerit.
1758 664 2031 721 Truncus
2054 684 2226 739 quem
2255 664 2387 741 lyra
2411 682 2519 739 pro
2546 664 2683 721 basi

356 764 537 823 habet
569 784 604 822 e
639 773 778 823 taxo
811 765 1164 840 plerumque
1195 764 1320 821 sive
1353 764 1527 821 salice
1567 771 1683 821 est:
1724 763 1845 821 ima
1882 763 2013 837 ejus
2050 782 2193 839 pars·
2211 764 2403 830 latior,
2444 782 2685 821 summa

357 862 664 937 angustior
679 871 795 919 est:
825 863 1050 937 postica
1074 870 1412 930 excavatur,
1438 861 1631 918 antica
1651 861 1893 919 dolabra
1912 862 2231 938 expolitur,
2250 881 2381 936 quae
2404 862 2679 937 Frequen-

357 960 522 1017 tibus
549 960 782 1035 exiguis
801 959 1187 1017 foraminibus
1212 958 1376 1017 recta
1403 959 1556 1016 serie
1576 978 1611 1015 a
1636 952 1864 1015 summo
1890 958 1963 1014 ad
1986 959 2177 1015 imum
2202 959 2497 1017 collocatis
2518 967 2681 1016 tere-

358 1058 585 1125 bratur,
661 1056 984 1125 Foramina,
1013 1056 1158 1116 aenei
1184 1056 1439 1114 orbiculi
1466 1056 1750 1115 muniunt
1776 1075 1851 1113 ne
1876 1075 1911 1112 a
1936 1055 2053 1113 filis
2072 1057 2245 1113 aeneis
2272 1065 2679 1131 proterantur.

360 1156 556 1213 Partis
582 1174 654 1211 au
662 1163 780 1213 tem
805 1174 1018 1212 aversae
1035 1154 1207 1213 hiatu
1227 1174 1416 1213 assere
1428 1156 1765 1223 ·obstruct0,
1786 1155 1985 1211 trunci
2006 1155 2139 1231 (qui
2164 1156 2339 1212 etiam
2360 1156 2529 1213 alvus
2550 1156 2682 1215 sive

357 1261 564 1329 pectus
583 1251 831 1328 dicitur)
853 1252 1002 1309 collo
1022 1253 1200 1328 stipes
1228 1254 1555 1310 introrsum
1583 1255 1831 1320 sinuata,
1860 1262 2068 1311 vertex
2098 1262 2205 1310 aut
2230 1253 2449 1311 collum
2474 1255 2679 1329 appel-

359 1352 480 1409 lata
504 1352 792 1428 infigitur,
838 1352 1188 1427 cujuaapex
1215 1370 1489 1427 suprema
1514 1370 1776 1414 convexo
1802 1352 1935 1427 palo
1960 1352 2083 1409 sive
2108 1352 2347 1409 brachio
2365 1351 2446 1432 ⁴ad
2472 1362 2677 1411 extre-

359 1468 512 1507 mam
541 1450 742 1507 trunci
769 1457 996 1525 partem
1023 1458 1299 1525 protenso
1321 1450 1737 1509 committitur.
1810 1449 2033 1507 Intima
2058 1450 2280 1525 stipitis
2308 1469 2409 1507 ora
2434 1451 2679 1509 craebris

359 1548 664 1605 claviculis
705 1549 878 1605 aeneis
913 1547 976 1603 in
1017 1546 1162 1603 laeva
1198 1548 1573 1605 extremitate
1594 1547 1939 1623 perforatiS,
1986 1548 2048 1603 in
2088 1547 2333 1605 dextera
2376 1548 2679 1623 angulatis

358 1646 756 1721 transfigitur:
803 1646 893 1702 illi
933 1646 1298 1703 extremitati
1335 1646 1689 1703 chordarum
1724 1647 1917 1722 capita
1951 1646 2331 1714 inseruntur;
2378 1646 2491 1703 hac
2518 1666 2679 1715 cavae

359 1745 510 1801 clavi
527 1764 687 1804 nunc
707 1746 935 1819 lignum
957 1760 1119 1801 nunc
1135 1764 1412 1801 corneum
1432 1745 1811 1802 manubrium
1828 1742 2081 1803 habente
2108 1744 2379 1819 impacta,
2398 1742 2679 1801 claviculi

361 1844 634 1917 girantur
660 1852 722 1899 et
747 1842 976 1899 chordae
996 1842 1224 1898 bacillis
1252 1843 1410 1899 inter
1433 1843 1659 1899 minora
1674 1842 2041 1899 testitudinis
2066 1843 2353 1899 foramina
2378 1862 2410 1900 e
2436 1844 2679 1919 regione

359 1940 551 2015 posita
565 1939 717 1997 nodo
737 1940 962 2013 illigata
975 1939 1069 1995 vel
1089 1939 1488 1999 intenduntur
1504 1939 1597 1996 vel
1617 1940 2015 1997 remittuntur
2032 1958 2141 2015 pro
2162 1939 2501 2016 Cytharaedi
2516 1942 2677 1997 arbi·

361 2038 504 2097 trio:
534 2038 944 2114 grandioribus
969 2038 1034 2093 in
1062 2046 1274 2095 trunco
1299 2038 1686 2095 foraminibus
1712 2056 1789 2096 ex
1808 2048 2065 2113 utroque
2091 2036 2440 2098 chordarum
2468 2038 2673 2107 latere,

347 2142 434 2205 ad
459 2140 861 2218 excipiendam
897 2139 1391 2215 emittendamque
1432 2158 1652 2207 auram,
1702 2158 1769 2195 ac
1796 2138 2035 2195 bacillos
2064 2138 2285 2212 quibus
2317 2137 2545 2195 chordas
2581 2138 2675 2193 in-

360 2248 705 2307 nectuntur,
729 2236 1116 2295 extrahendos
1143 2237 1503 2313 patentibus.
1568 2237 1862 2294 caeterum
1882 2235 2165 2292 interiora
2190 2235 2412 2309 stipitis
2438 2234 2675 2295 inflexae

358 2338 524 2395 labra
557 2338 776 2396 lamina
799 2356 949 2393 aerea
985 2336 1270 2411 utrinque
1306 2335 1457 2410 tegit
1500 2344 1562 2392 et
1596 2354 1723 2391 eam
1758 2343 1999 2392 arcuato
2036 2335 2169 2409 palo
2206 2332 2425 2393 affabre
2464 2338 2671 2393 nectit.

362 2438 480 2495 Hic
507 2438 744 2496 demum
769 2445 832 2494 et
855 2429 968 2493 iua'
985 2436 1164 2493 variis
1191 2436 1515 2511 sculpturis
1545 2432 1825 2491 concinne
1852 2434 2223 2491 decorantur.
2302 2434 2362 2491 N
2364 2435 2527 2491 ostra
2552 2454 2673 2491 me-

360 2534 548 2593 moria
576 2534 952 2592 Reverendus
993 2533 1306 2591 admodum
1345 2543 1513 2609 pater
1541 2534 1835 2591 Robertus
1862 2533 1919 2590 N
1922 2534 2219 2609 ugentiu8‚
2252 2533 2355 2608 qui
2395 2533 2677 2591 Societati

359 2722 592 2783 exquisite
613 2722 704 2768 aits
726 2727 775 2768 to
795 2723 900 2768 that
921 2722 1092 2781 period.
1142 2720 1246 2779 Yet,
1264 2722 1380 2767 with
1397 2720 1463 2767 all
1555 2722 1791 2781 indigenis
1818 2722 1869 2769 in
1902 2720 2159 2769 reverentia
2190 2736 2283 2769 non
2304 2719 2489 2769 modica
2509 2726 2558 2769 et
2586 2736 2672 2781 pro

359 2810 489 2854 those
504 2808 812 2867 traditionary
822 2808 1118 2853 associations
1127 2807 1278 2852 which
1295 2806 1463 2853 should
1561 2808 1765 2867 reliquiis
1776 2808 1994 2854 virtuosis
2008 2812 2057 2853 et
2069 2808 2253 2867 magnis
2272 2822 2419 2867 usque
2433 2808 2569 2853 hodie
2585 2808 2671 2853 hae

360 2892 650 2939 recommend
663 2892 743 2960 the
755 2890 963 2936 national
977 2890 1254 2963 instrument
1271 2904 1323 2936 as
1339 2906 1368 2937 a
1381 2904 1462 2951 ge·
1560 2892 1798 2940 betur.’'—
1806 2892 2035 2939 Cambriae
2054 2892 2291 2951 Dese-rip„
2316 2907 2356 2938 c.
2378 2892 2465 2937 xii.
2490 2904 2534 2949 p.
2554 2894 2617 2938 ‘74
2624 2893 2665 2938 0.

361 2977 490 3025 neral
519 2977 728 3035 favor-ite,
757 2978 836 3023 the
854 2975 974 3021 Irish
1000 2977 1116 3035 harp
1133 2976 1249 3021 lives
1279 2976 1388 3036 only
1415 2976 1466 3021 in

361 3066 442 3110 the
463 3062 670 3110 national
693 3078 828 3121 arms,
863 3064 1047 3123 though
1079 3064 1158 3109 the
1179 3068 1468 3122 temperance

361 3154 626 3195 movement
652 3149 738 3194 has
755 3150 936 3207 -taught‘
953 3162 1094 3208 every
1115 3148 1287 3208 village
1313 3148 1362 3194 in
1385 3148 1465 3193 the

360 3232 514 3279 island
551 3234 632 3279 the
667 3248 748 3279 use
785 3234 838 3279 of
870 3233 934 3279 all
977 3235 1110 3279 other
1143 3234 1461 3291 instrumente.

363 3318 454 3363 For
479 3299 633 3376 proofs
663 3318 770 3363 that
801 3318 881 3363 the
905 3319 1022 3377 harp
1044 3332 1140 3363 was
1170 3318 1249 3365 the
1269 3318 1465 3364 favor-ite

359 3404 638 3449 instrument
667 3404 719 3449 of
750 3404 830 3449 the
860 3402 1046 3449 learned
1068 3418 1174 3449 men
1195 3404 1288 3449 and
1319 3402 1465 3448 saints

359 3486 412 3533 of
423 3488 501 3533 the
517 3488 699 3533 ancient
719 3488 867 3544 times,
892 3500 965 3533 see
980 3487 1027 3534 S.
1051 3488 1324 3547 Ferguson's
1343 3487 1465 3531 Dis-

361 3574 602 3630 sertation,
627 3573 726 3635 §req
743 3586 788 3630 p.
809 3573 886 3618 53.
937 3574 968 3599 ‘⁶
983 3572 1109 3617 Hinc
1125 3566 1338 3627 accidit,”
1355 3584 1465 3629 says

363 3656 595 3714 Giraldus,
623 3658 656 3683 ‘⁴
672 3661 725 3701 ut
745 3656 944 3714 episcopi
965 3661 1013 3701 et
1035 3656 1224 3701 abbates
1246 3660 1291 3700 et
1315 3656 1463 3701 sancti

359 3744 410 3788 in
429 3742 656 3788 Hibernia
677 3742 766 3786 viri
788 3742 1006 3801 cytharas
1039 3741 1326 3786 circumferre
1347 3740 1463 3785 etin

362 3826 420 3871 iis
449 3824 730 3870 modulando
765 3825 840 3883 pie
879 3824 1094 3869 delectari
1128 3804 1460 3869 consueverint.

365 3910 654 3968 Quapropter
686 3914 733 3955 et
772 3909 928 3956 Sancti
963 3910 1135 3955 Kevini
1173 3910 1366 3968 cythara
1402 3910 1465 3955 ab

1565 2977 1770 3036 Perhaps
1792 2978 1870 3023 the
1894 2977 2069 3023 solemn
2091 2978 2183 3023 and
2204 2975 2485 3037 exquisitely
2508 2977 2671 3029 oender

1564 3066 1694 3107 tones
1716 3062 1767 3106 of
1782 3062 1979 3121 genuine
2002 3061 2123 3107 Irish
2144 3062 2293 3107 music
2314 3075 2411 3107 owe
2434 3061 2555 3105 their
2574 3060 2667 3105 ori-

1562 3148 1647 3205 gin
1667 3160 1791 3193 more
1812 3146 2039 3193 tochoral
2064 3147 2210 3192 music
2232 3147 2324 3192 and
2344 3132 2670 3194 ecclesiastica!

1564 3230 1743 3277 culture
1780 3232 1895 3277 than
1930 3236 1980 3277 to
2017 3244 2111 3289 any
2148 3230 2201 3276 of
2232 3230 2313 3275 the
2344 3230 2478 3276 other
2510 3242 2669 3274 causes

1563 3314 1749 3374 usually
1770 3316 1997 3375 assigned.

1630 3396 1647 3430 f
1659 3401 1757 3447 The
1772 3402 1903 3459 harp,
1926 3400 2105 3458 though
2118 3398 2221 3445 well
2245 3400 2413 3445 known
2428 3398 2477 3443 in
2490 3398 2669 3458 foreign

1564 3484 1805 3541 conntries,
1843 3483 1934 3529 and
1970 3484 2206 3529 cherished
2234 3488 2283 3528 at
2311 3482 2459 3539 home,
2498 3494 2550 3527 as
2588 3482 2669 3527 the

1566 3568 1685 3614 Irish
1704 3568 1909 3613 national
1924 3569 2215 3625 instrument,
2234 3582 2332 3614 was
2348 3566 2573 3627 probably
2584 3572 2669 3613 not

1564 3654 1777 3699 assumed
1813 3668 1865 3699 as
1894 3654 1976 3700 the
2009 3652 2216 3699 national
2254 3665 2377 3699 arms
2406 3652 2558 3699 before
2586 3654 2669 3699 the

1563 3739 1693 3797 reign
1716 3740 1767 3784 of
1785 3738 1948 3798 Hem-y
1966 3736 2107 3784 VIII.
2142 3739 2233 3783 For
2250 3752 2279 3783 a
2294 3738 2454 3783 sketch
2468 3738 2521 3782 of
2536 3736 2667 3783 those

1564 3836 1701 3881 arms,
1728 3824 1952 3869 executed
1974 3824 2022 3867 in
2045 3818 2251 3882 the'year
2275 3824 2413 3879 1567,
2442 3836 2515 3867 see
2536 3822 2667 3867 State

1566 3909 1761 3968 Paper-3,
1790 3908 1879 3952 vol.
1902 3908 1981 3963 ii.;
2028 3904 2300 3965 Ferguson’s
2326 3906 2663 3963 nisset-ration,
