2834 4467
311 191 392 256 98
470 201 480 213 “
1084 209 1499 255 011130111515
1534 190 1844 257 massus.
2008 200 2021 218 ‘
2125 182 2129 195 '
2402 212 2558 275 [car.
2582 212 2632 259 1.

305 360 438 421 rose
461 368 708 433 structa,
739 362 906 439 quasi
930 363 1282 424 matutinam
1308 364 1585 439 pruinam
1608 362 1801 421 adulti
1834 364 1959 438 jam
1996 362 2133 421 solis
2169 361 2333 422 radio
2356 362 2631 431 dissolri,

305 482 372 521 ac
397 462 664 521 diffluere
686 482 917 522 necesse
943 472 1049 522 est.
1127 464 1216 522 Ut
1241 464 1398 521 enim
1426 482 1557 541 quae
1582 463 1727 522 falsa
1752 470 1913 545 sunt,
1951 463 2049 539 vel
2072 462 2242 521 nullo
2266 462 2634 539 plerumque

305 570 550 647 curante
574 562 846 621 delenmr
873 563 1070 639 aliquo
1095 571 1296 621 tractu
1327 562 1627 638 temporis,
1666 560 1749 619 sic
1782 580 1937 629 vera,
1972 568 2033 618 et
2062 562 2231 635 justa
2260 577 2631 639 quamquam

305 661 516 719 cedant
539 661 839 719 interdum
865 661 1137 719 violentis
1161 659 1471 718 hominum
1496 660 1753 735 injuriis,
1790 658 2027 742 tandem
2062 666 2257 719 tamen
2286 665 2631 733 emergunt.

307 760 406 819 Sic
432 760 686 819 Achillis
713 780 874 818 arma
899 752 1106 836 iniquo
1135 760 1475 818 Graecorum
1506 760 1735 834 judicio
1770 756 1959 817 Ulissi
1990 758 2332 833 adjudicata
2360 758 2627 831 tandem,

306 868 440 937 post
467 860 594 934 ejus
621 859 1012 935 naufragium,
1045 860 1118 917 ad
1145 852 1346 934 Ajacis
1386 859 1691 943 tumulum
1729 858 1793 914 vi
1831 858 2129 915 fluctuum
2163 858 2499 933 pervenisse
2536 858 2632 913 di-

305 966 527 1016 cuntur
550 977 582 1031 :⁸
605 959 771 1034 quasi
798 960 880 1015 sic
906 959 1139 1016 volente
1163 959 1422 1027 numine,
1452 966 1525 1018 ut
1550 976 1729 1017 verus
1753 946 2043 1032 possessor
2063 955 2169 1030 jus
2193 956 2290 1014 vel
2314 964 2449 1032 post
2466 975 2630 1013 mor-

308 1066 427 1115 tem
454 1056 763 1115 obtineret.
835 1063 872 1089 “
889 1056 948 1113 N
949 1076 1026 1113 on
1045 1056 1260 1126 enim‚’'
1287 1064 1360 1112 ut
1386 1056 1471 1112 ait
1492 1056 1834 1145 Apostolus,
1872 1060 1909 1087 “
1929 1073 2237 1130 possumus
2264 1055 2492 1131 aliquid
2522 1054 2629 1111 ad-

305 1174 511 1215 versus
538 1148 866 1225 veritatem,
899 1154 999 1213 sed
1024 1174 1132 1231 pro
1157 1156 1485 1212 veritate³.”

425 1254 702 1311 Errorem
721 1252 882 1312 certe
903 1237 1266 1342 diuturnitas
1286 1274 1404 1311 non
1426 1255 1779 1323 corroborat,
1793 1272 1900 1311 nec
1919 1252 2105 1310 ullam
2126 1252 2179 1311 ei
2194 1252 2631 1311 authoritatem

306 1336 618 1430 comparat,
658 1354 756 1412 cui
781 1354 920 1412 licet
945 1373 1051 1430 per
1077 1354 1303 1429 aliquot
1331 1354 1541 1411 saecula
1566 1353 1806 1415 veritati
1832 1342 2101 1411 tenebras
2123 1352 2471 1422 offundenti,
2502 1372 2629 1410 non

305 1460 502 1510 tamen
519 1452 660 1511 adeo
677 1442 1006 1511 adblandiri
1020 1453 1315 1522 debemuS,
1333 1461 1406 1510 111
1427 1452 1477 1527 ej
1484 1472 1556 1509 us
1572 1452 1958 1528 grandaevitas
1975 1451 2382 1509 credulitatem
2403 1471 2438 1508 a
2452 1452 2631 1509 nobis

304 1552 544 1609 veritati
572 1553 880 1610 exitiosam
909 1558 1276 1627 extorqueat.
1359 1551 1453 1607 Ita
1477 1550 1782 1611 hominum
1805 1546 2168 1609 consuetudo
2188 1551 2305 1611 fert
2322 1558 2392 1607 ut
2420 1550 2632 1607 fabula

303 1650 368 1706 in
394 1651 612 1727 vulgus
639 1650 816 1709 semel
843 1651 1048 1707 emissa
1075 1658 1167 1707 tot
1192 1650 1568 1706 narrantium
1594 1650 1888 1733 figmentis
1910 1649 2233 1719 excolatur,
2263 1657 2336 1706 ut
2357 1650 2630 1707 omnium

305 1748 538 1805 tandem
559 1736 688 1818 fide,
709 1734 770 1805 et
796 1747 1083 1825 applausu
1111 1741 1370 1825 excepta,
1392 1768 1532 1805 vera
1550 1747 1761 1805 tandiu
1777 1748 2078 1817 habeatur,
2100 1748 2381 1831 quamdiu
2396 1750 2631 1807 larvam

303 1846 398 1903 illi
421 1847 729 1905 hominum
757 1848 975 1907 desidia
1013 1868 1130 1905 non
1168 1847 1456 1906 detrahat.
1538 1848 1637 1907 Sic
1670 1848 1969 1925 persuasio
2008 1849 2299 1922 Joannam'
2325 1849 2631 1909 foeminam

305 1946 502 2003 Romae
537 1947 766 2023 pridem
795 1968 1092 2005 summum
1121 1947 1471 2006 Pontificem
1509 1948 1709 2024 egisse,
1755 1948 2115 2025 scriptorum
2148 1932 2466 2025 superioris
2501 1966 2629 2007 me-

307 2043 506 2101 111011εο
533 2044 753 2117 animos
781 2054 842 2102 et
869 2054 1248 2103 monumenta
1283 2045 1559 2122 pervasit,
1596 2053 1657 2103 et
1689 2044 1762 2101 ad
1798 2045 2119 2106 Christiani
2156 2046 2315 2105 orbis
2359 2046 2631 2122 regiones

307 2150 637 2219 pervagata,
673 2143 1016 2218 obicemque
1053 2143 1159 2199 vix
1185 2142 1364 2217 ullibi
1400 2151 1586 2225 nacta,
1630 2142 1805 2200 nimis
1843 2142 1948 2199 diu
1974 2142 2279 2201 hominum
2320 2144 2631 2207 mentibus

307 2240 557 2299 firmiter
583 2242 798 2299 insedit
823 2266 839 2313 3
885 2241 985 2299 sed
1009 2241 1152 2299 huic
1177 2250 1505 2299 commento
1531 2250 1667 2299 ante
1693 2240 1872 2298 annos
1900 2242 2471 2325 sexcentosconflato
2498 2244 2631 2300 suf·

307 2340 517 2401 flamen
537 2342 773 2401 tandem
799 2342 1234 2411 subduxerunt,
1259 2350 1319 2400 et
1346 2341 1500 2399 illud
1524 2342 1764 2427 penitus
1792 2350 2136 2399 everterunt
2155 2342 2633 2418 praestantissimi

311 2442 637 2517 scriptore8‚
679 2441 1002 2500 Cardinalis
1048 2441 1361 2499 Baronius⁴
1403 2450 1463 2499 et
1511 2441 1925 2497 Bellarminus⁵
1968 2441 2263 2499 Robertus
2304 2440 2631 2499 Personius

311 2538 602 2596 societatis
640 2539 824 2607 Jesu⁶‚
849 2514 1268 2597 Florimufidus
1297 2538 1704 2608 Reimundus7,
1728 2545 1789 2595 01
1812 2537 2001 2595 David
2018 2536 2393 2625 Blondellus,
2412 2536 2627 2597 multae

310 2636 405 2693 vir
443 2637 784 2707 literaturae,
843 2638 892 2694 si
937 2637 1172 2694 haeresis
1213 2655 1330 2693 non
1375 2638 1650 2707 obstaret,
1694 2645 1767 2693 ut
1802 2636 2113 2694 veritatem
2159 2636 2309 2695 hanc
2348 2636 2631 2697 Ecclesiae

306 2736 570 2812 patronis
597 2736 1007 2805 asserentibuS,
1035 2744 1093 2793 et
1122 2735 1468 2793 adversariis
1506 2736 1745 2793 eandem
1774 2735 2239 2811 agnoscentibUS,
2264 2736 2469 2795 nullus
2499 2736 2633 2813 jam

310 2832 474 2890 illius
502 2833 816 2892 dubitandi
841 2834 1003 2891 locus
1030 2834 1272 2892 relictus
1300 2834 1523 2904 fuerit3
1564 2835 1670 2891 vix
1707 2834 1820 2891 alia
1856 2832 1973 2913 fuit
2011 2834 2074 2890 in
2110 2834 2297 2891 officio
2330 2834 2631 2893 ecclesias-

311 2932 430 2990 tico
469 2931 752 2997 celebrior
777 2932 1038 3003 historia,
1070 2934 1250 3009 quam
1279 2934 1338 2991 S.
1368 2934 1709 2992 Brunonem
1738 2932 2118 2991 carthusiani
2152 2934 2375 3017 ordinis
2411 2926 2631 2993 autho-

285 3050 290 3056 ’
313 3051 434 3089 rem
475 3038 768 3089 austeram
793 3031 954 3088 illam
979 3030 1217 3088 vivendi
1243 3032 1527 3090 rationem
1550 3032 1683 3089 ideo
1709 3032 2035 3108 amplexam
2062 3032 2256 3101 fuisse,
2298 3030 2465 3107 quod
2492 3033 2632 3090 doc·

312 3138 500 3188 torem
533 3129 828 3209 fluendam
851 3130 1254 3195 ‚Parisiensem
1285 3131 1410 3189 vita
1455 3132 1744 3199 functum,
1791 3130 1981 3205 primo
2026 3128 2119 3186 die
2162 3150 2222 3190 se
2266 3138 2631 3199 accusatum,

313 3228 565 3303 secundo
580 3228 938 3304 judicatum,
961 3228 1139 3285 tertio
1158 3228 1606 3287 condemnatum
1634 3229 2054 3309 exclamantem
2083 3228 2352 3288 audierit.
2393 3227 2632 3288 Verum

313 3316 422 3386 ubi
446 3328 630 3404 hujus
655 3328 912 3411 historiae
939 3328 1144 3386 fucum
1170 3328 1539 3386 eruditorum
1572 3328 1851 3405 sagacitas
1885 3336 2021 3406 post
2058 3329 2407 3410 quingeqfios
2444 3346 2633 3386 annos

315 3428 560 3497 detexit,
589 3426 792 3486 nostra
817 3426 1098 3486 memoria
1125 3448 1157 3485 e
1181 3426 1351 3485 libris
1377 3429 1611 3485 sublata
1638 3436 1743 3487 est.
1824 3428 1927 3485 An
1954 3447 2072 3486 non
2099 3428 2389 3485 Baronius
2412 3447 2629 3487 monu-

381 3613 402 3641 ³
424 3611 504 3658 Ad
527 3611 804 3660 Corinthios.
827 3612 914 3672 Ep.
937 3612 986 3659 ii.
1011 3628 1049 3659 c.
1073 3615 1148 3659 13.
1237 3613 1258 3642 ⁴
1281 3613 1338 3659 In
1359 3612 1630 3661 Annalium.
1656 3594 1659 3599 Ι
1712 3616 1733 3644 ⁵
1750 3614 1808 3660 In
1828 3618 2085 3661 controver.
2172 3608 2195 3642 ⁶
2217 3612 2275 3659 In
2298 3615 2342 3660 3.
2366 3616 2630 3661 controver.

314 3678 335 3709 ⁷
359 3676 416 3723 In
438 3678 604 3723 Errore
623 3692 751 3737 prop.
777 3683 823 3725 et
845 3679 894 3725 in
909 3679 1126 3725 familiari
1148 3677 1463 3726 elucidatione.

391 3835 409 3869 f
420 3838 684 3901 According
698 3844 748 3887 to
769 3836 850 3889 the
870 3842 1049 3901 legend,
1071 3842 1154 3888 the
1173 3840 1291 3887 dead
1312 3854 1425 3887 man
1524 3843 1663 3890 while
1682 3845 1763 3890 the
1783 3842 1941 3903 clei-gy
1957 3854 2077 3890 were
2091 3813 2317 3901 chanting
2332 3840 2407 3888 his
2420 3841 2633 3901 requiem

318 3924 461 3984 spoke
476 3926 524 3969 in
539 3926 614 3973 his
634 3926 782 3985 coffin,
798 3942 858 3973 on
871 3928 1000 3974 three
1023 3927 1276 3973 successive
1289 3928 1418 3987 days,
1524 3927 1573 3973 in
1594 3928 1675 3975 the
1702 3926 2045 3975 church.--See
2060 3926 2219 3972 Alban
2244 3925 2421 3983 Butter,
2448 3924 2553 3973 Oct.
2582 3928 2629 3973 6.
