2834 4467
348 164 475 231 372
1120 185 1538 233 canamus
1565 187 1876 236 rvnasus.
2369 195 2522 261 [cu.
2543 195 2661 243 vm

348 347 451 397 tus
466 346 573 407 est,
596 346 687 409 ut,
707 357 781 400 ne
802 339 865 399 in
890 338 1241 400 brevitatem
1268 338 1604 411 offenderet,
1626 341 1904 405 maluerit
1923 342 1986 400 in
2011 342 2261 405 historia
2277 346 2469 405 rideri
2488 347 2666 405 nimis

348 437 567 513 loquax
594 436 771 512 quum
796 456 1009 514 parum
1034 438 1364 515 diligens⁹.’'

468 536 718 595 Frustra
756 537 949 613 igitur
984 539 1355 599 cambrensis
1386 539 1532 597 dicit
1568 560 1630 601 se
1678 547 1715 575 “
1732 542 1976 601 mittere
2011 543 2081 599 ad
2113 545 2332 620 Regem
2371 563 2508 620 quae
2551 563 2668 603 non

348 646 596 712 possunt
634 638 831 695 amitti
847 640 884 669 ”
922 637 1177 717 (scilicet
1214 639 1683 717 Topographiam
1723 641 1918 717 suam)
1951 647 1988 675 ‘⁶
2003 652 2064 699 et
2104 662 2234 717 quae
2271 642 2439 701 nulla
2473 644 2672 701 valeat

350 744 489 794 oetas
512 734 833 805 destruere,
870 756 937 793 ac
969 737 1272 813 egregium
1310 738 1646 797 memoriale
1679 758 1740 796 se
1778 740 2002 799 mundo
2037 741 2488 818 relinquere¹⁰:'’
2527 760 2596 799 ac
2623 741 2670 799 si

350 850 487 893 cum
512 831 729 891 ovidio
753 832 826 893 de
850 832 1215 909 gloriationis
1241 832 1439 909 palma
1465 833 1860 903 contenderet,
1889 844 2160 893 canente:

829 982 1073 1043 “Jamque
1094 997 1211 1042 opus
1231 984 1382 1043 exegi,
1408 985 1533 1043 quod
1553 996 1639 1030 nec
1652 982 1788 1030 Jovis
1809 984 1893 1039 ira,
1919 998 2004 1031 nec
2025 985 2169 1045 ignes,

868 1066 968 1113 Nec
988 1068 1156 1126 poterit
1174 1068 1362 1124 ferrum,
1397 1082 1482 1114 nec
1501 1068 1626 1114 edax
1645 1068 1830 1114 abolere
1848 1074 2070 1115 vetustas.

830 1145 841 1211 Ι
870 1149 991 1198 Cum
1012 1150 1139 1197 volet
1158 1150 1243 1197 ina
1262 1152 1373 1209 dies,
1396 1166 1502 1211 quae
1521 1151 1591 1199 nil
1611 1152 1704 1199 nisi
1723 1154 1926 1212 corporis
1947 1154 2090 1213 hujus

739 1215 769 1247 ⁰
870 1232 1134 1293 sunnam,
1159 1226 1966 1295 incertispatiummihiflniatoevi.

872 1317 1013 1365 Parte
1034 1325 1193 1365 tamen
1215 1320 1403 1367 meliore
1425 1322 1532 1379 mei,
1555 1336 1692 1381 super
1713 1322 1812 1368 alta
1832 1323 2047 1383 perennis

874 1406 1017 1452 Astra
1039 1405 1171 1464 ferar,
1198 1420 1457 1467 nomenque
1477 1408 1567 1453 erit
1586 1408 1826 1455 indelebile
1847 1410 2141 1455 nostrum11.”

207 1145 325 1210 [4⁹]

352 1542 601 1599 Frustra
624 1542 865 1618 inquam
886 1542 1327 1602 lucubrationes
1354 1564 1490 1602 suas
1511 1545 1779 1621 speciosis
1808 1546 2004 1603 titulis
2023 1561 2310 1604 exornare
2329 1546 2667 1613 contendit:

352 1660 498 1715 quas
524 1640 699 1698 modo
728 1650 767 1674 “
781 1662 899 1700 non
927 1643 1207 1713 ociosas;”
1235 1642 1409 1701 modo
1441 1653 1476 1677 “
1497 1646 1821 1721 egregias‚”
1863 1645 2037 1703 modo
2078 1651 2115 1681 “
2135 1666 2254 1703 non
2279 1647 2621 1723 ignobiles¹²
2635 1648 2670 1677 ”

351 1738 623 1813 appellat,
654 1748 714 1796 et
738 1746 774 1773 ‘⁶
794 1740 1020 1797 Gallice
1050 1743 1251 1797 verti’'
1280 1752 1542 1819 exoptat,
1571 1753 1646 1800 ut
1664 1744 1930 1821 plurium
1957 1744 2228 1803 manibus
2256 1747 2666 1809 tererentur¹³3

351 1854 418 1893 ac
458 1836 508 1896 si
550 1846 729 1894 tantae
768 1839 996 1897 fuerint
1030 1844 1403 1916 praestantioe‚
1449 1852 1525 1900 ut
1563 1844 1958 1920 plurimorum
1993 1842 2338 1901 interfuerit
2365 1864 2579 1902 earum
2615 1863 2671 1900 se

350 1933 657 1992 helluones
682 1946 977 2012 praestare.
1058 1938 1175 1995 Sed
1202 1938 1536 1999 mehercule
1562 1939 1902 2017 Astydamae
1929 1940 1990 1995 in
2017 1958 2238 1997 morem
2267 1958 2521 1997 suarum
2549 1940 2666 1996 lau-

352 2033 497 2090 dum
518 2035 820 2091 tibicinem
848 2036 989 2110 agit,
1020 2047 1080 2093 et
1106 2054 1283 2111 opera
1306 2054 1415 2093 sua
1439 2037 1503 2092 in
1529 2036 1698 2094 caelos
1721 2034 2024 2111 praeconiis
2049 2034 2268 2104 evehit,
2295 2054 2431 2110 quae
2459 2038 2670 2111 volup-

355 2140 477 2189 tate
494 2131 706 2201 nullos,
726 2132 899 2189 taedio
925 2134 1235 2209 plerosque
1253 2134 1640 2209 perfundunt.
1696 2133 1862 2191 Licet
1889 2142 1990 2189 tan
1997 2131 2058 2189 ta
2075 2132 2178 2189 ille
2196 2132 2497 2208 philautia
2515 2135 2666 2190 labo-

352 2230 592 2299 raverit,
614 2238 691 2288 ut
706 2250 824 2289 non
842 2230 1019 2289 aliter
1036 2250 1103 2288 ac
1122 2232 1171 2289 si
1188 2232 1460 2289 Minerva
1480 2231 1704 2292 Phidiae
1731 2231 1994 2299 fuissent,
2018 2249 2136 2286 non
2151 2231 2404 2288 lectione
2429 2231 2670 2289 tantum

354 2328 605 2385 eruditis
630 2328 976 2403 quisquilias
1002 2348 1152 2397 suas,
1183 2348 1251 2386 ac
1272 2328 1548 2406 Mylesias
1573 2328 1819 2396 fabulas,
1850 2327 1952 2385 sed
1977 2327 2154 2384 etiam
2181 2329 2668 2402 pronuntiatione

353 2426 641 2501 imperitae
656 2444 893 2503 quoque
917 2427 1297 2484 multitudini
1316 2426 1639 2502 infigendas
1665 2446 1787 2484 esse
1811 2426 2125 2493 censuerit,
2145 2426 2379 2483 inanem
2405 2426 2668 2501 gloriolae

355 2543 559 2583 auram
586 2542 621 2580 a
647 2526 993 2600 quorumvis
1019 2526 1305 2601 applausu
1330 2531 1763 2601 aucupatur-us:
1791 2544 1858 2581 ac
1884 2524 2128 2600 proinde
2161 2532 2381 2593 narrat,
2417 2530 2458 2557 “
2473 2524 2670 2600 magni

355 2623 607 2679 nominis
645 2603 709 2679 in
751 2624 1043 2683 Hibernia
1072 2624 1379 2683 Giraldum
1423 2634 1484 2682 et
1523 2625 1688 2681 famae
1727 2623 2018 2699 praeclarae
2049 2624 2362 2692 exstitisse,
2403 2632 2468 2680 et
2501 2642 2670 2700 opere

356 2720 664 2796 complet0‚
708 2730 768 2778 et
794 2734 1076 2792 correcto,
1120 2724 1422 2780 lucernam
1463 2740 1758 2780 accensam
1797 2716 1915 2779 non
1943 2722 2056 2779 sub
2081 2722 2276 2777 modio
2301 2740 2545 2797 ponere,
2575 2720 2667 2778 sed

358 2838 535 2896 super
562 2820 993 2891 candelabrum,
1023 2832 1097 2881 ut
1131 2820 1374 2890 luceret,
1406 2824 1630 2899 erigere
1655 2823 2004 2897 cupientem,
2035 2820 2192 2896 apud
2221 2820 2539 2891 oxoniam,
2567 2819 2668 2877 ubi

356 2919 549 2976 clerus
576 2919 639 2975 in
668 2918 893 2995 Angli&
920 2921 1105 2995 magis
1131 2920 1384 2995 vigebat,
1416 2930 1478 2977 et
1497 2919 1777 2978 clericatu
1801 2919 2186 2995 praecellebat,
2216 2936 2366 2993 opus
2391 2938 2577 2976 suum
2609 2918 2666 2975 in

357 3017 526 3074 tanta
550 3016 853 3074 audientis
874 3018 1122 3075 recitare
1148 3017 1518 3094 disposuisse.
1575 3018 1656 3073 Et
1675 3018 1950 3092 quoniam
1972 3026 2092 3073 tres
2109 3026 2278 3072 erant
2298 3016 2360 3071 in
2379 3014 2544 3073 libro
2570 3034 2667 3073 suo

359 3114 781 3184 distinctiones,
824 3112 1093 3190 qualibet
1130 3116 1391 3173 recitatae
1433 3116 1544 3184 die,
1585 3116 1784 3172 tribus
1821 3115 2029 3171 diebus
2066 3114 2366 3170 continuis
2400 3114 2668 3171 recitatio

360 3214 613 3272 duravit.
682 3214 998 3290 Primoque
1023 3216 1117 3273 die
1142 3234 1428 3292 pauperes
1452 3234 1650 3273 omnes
1676 3214 1876 3290 oppidi
1902 3214 2088 3271 totius
2107 3214 2181 3269 ad
2199 3213 2310 3271 hoc
2325 3224 2668 3272 convocatos

359 3312 617 3389 hospitio
652 3314 923 3389 suscepit,
965 3323 1026 3371 et
1064 3313 1357 3375 exhibuit.
1442 3314 1514 3371 In
1553 3312 1806 3372 crastina
1831 3330 1970 3369 vero
1996 3312 2262 3369 doctores
2301 3312 2696 3370 diversarum·

360 3412 713 3469 facultatum
740 3430 955 3479 omnes,
998 3420 1060 3469 et
1096 3411 1415 3488 discipulos
1455 3413 1618 3468 samae
1643 3410 1882 3486 majoris
1909 3420 1969 3467 et
2007 3412 2254 3470 notitiae.
2337 3411 2546 3469 Tertio
2581 3411 2667 3467 die

361 3512 620 3586 reliquos
664 3509 971 3581 scholares,
1016 3528 1152 3566 cum
1191 3511 1488 3568 militibus
1527 3510 1846 3587 oppidanis,
1893 3518 1956 3567 et
1996 3509 2394 3585 burgensibus
2445 3508 2664 3569 multis.

426 3672 448 3702 ⁹
472 3670 794 3746 Pag359.10
813 3667 1397 3729 Praef.1.Topog.P1-aef.
1384 3668 1434 3713 ιί.
1459 3666 1632 3726 Topog.
1690 3666 1726 3699 ¹¹
1745 3665 1802 3711 In
1820 3622 1911 3711 fine
1927 3626 2268 3743 Metamor.1²
2290 3666 2428 3715 Praef.
2448 3666 2536 3721 2⁴¹.oe
2564 3668 2662 3714 edit.

366 3734 553 3781 ¹³1’raet:
578 3735 609 3779 i.
636 3732 747 3780 Hib.
772 3733 963 3793 Expug.

770 3874 792 3907 ‘¹
818 3876 901 3923 See
924 3876 1130 3923 remarks
1150 3890 1209 3923 on
1230 3876 1532 3927 stanihurst’s
1552 3876 2048 3935 criticisms—Supro,
2072 3890 2119 3935 p.
2143 3876 2252 3924 307.
