2834 4467
378 199 461 262 28
1118 217 1432 262 sms’rota
1463 216 1926 260 numm-roma.

376 378 543 426 tanta
576 371 937 444 generositas
963 389 1167 428 eorum
1192 369 1403 427 animis
1429 369 1728 436 insideret,
1761 377 1848 435 ut,
1893 370 2080 426 instar
2117 367 2374 426 Achillei
2395 369 2531 438 teli,
2575 367 2672 442 qui

379 466 625 523 vulnere
649 465 999 524 inflixerunt
1024 467 1307 526 medelam
1332 466 1698 524 adhiberent.

498 563 693 622 Vetus
720 564 1129 641 indigenarum
1148 575 1211 623 et
1228 575 1365 624 ante
1386 573 1679 623 trecentos
1697 585 1877 622 annos
1903 565 2068 623 abiis
2089 566 2370 624 instituta
2389 565 2686 641 querimo-

377 663 475 720 nia
498 673 604 730 ωε,
635 662 799 738 quod
826 665 1059 722 advenae
1086 666 1275 740 Regni
1301 665 1718 740 gubernaculis
1758 664 1994 733 admoti,
2029 673 2090 722 et
2111 664 2380 722 comitiis
2405 664 2688 738 adscripti

378 761 663 820 fuerintffi.
707 767 885 820 Anno
914 763 1267 821 Elizebethoe
1304 762 1577 839 Reginae‘*
1604 772 1666 820 et
1693 763 1902 820 Jacobi
1927 751 2104 839 Regis
2129 762 2508 830 undecimoffi,
2531 781 2684 838 pere-

378 863 684 938 grinorum
711 861 1017 920 hominum
1045 863 1109 919 in
1138 863 1528 921 comitiorum
1559 861 1870 919 Senatores
1907 863 2200 937 cooptatio
2226 881 2340 918 non
2367 861 2684 918 mediocres

380 959 683 1016 tumultus
710 960 771 1016 in
802 963 1069 1018 Comitiis
1096 962 1393 1018 excitavit.
1479 961 1593 1020 Sed
1621 961 1726 1036 qui
1763 962 1825 1017 in
1855 961 2150 1036 prioribus
2179 961 2452 1018 comitiis
2483 980 2682 1036 expos-

379 1057 670 1125 tulabant,
701 1076 735 1114 a
762 1059 1048 1132 supremis
1079 1059 1262 1134 Regni
1285 1058 1650 1132 judicibusoe,
1691 1039 1796 1133 qui
1831 1060 1896 1114 in
1932 1059 2372 1135 posterioribus,
2401 1079 2439 1115 a
2467 1061 2684 1117 Jaoobo

379 1155 537 1232 Rege
560 1167 833 1214 votorum
860 1166 1086 1232 partem
1112 1157 1568 1234 impetraruntw.
1637 1156 1707 1212 In
1733 1157 2195 1214 luctuosissimos
2222 1158 2490 1233 profecto
2510 1159 2680 1233 gemi-

378 1261 477 1311 tus
504 1263 566 1312 et
590 1263 835 1330 questus
874 1257 1121 1330 majores
1164 1257 1350 1312 nostri
1397 1255 1548 1312 citra
1589 1254 1838 1312 dubium
1883 1255 2053 1334 modo
2095 1266 2570 1331 prorumperent,
2617 1255 2678 1320 si,

376 1353 575 1411 oculos
600 1373 705 1430 per
731 1355 1027 1413 inferioris
1054 1356 1201 1414 aulae
1228 1366 1446 1413 coetum
1473 1355 1970 1425 circumferentes,
2011 1356 2074 1412 in
2109 1375 2178 1413 eo
2209 1375 2240 1412 e
2277 1355 2413 1412 solis
2447 1357 2678 1413 advenis

376 1463 437 1510 et
462 1453 846 1530 adscriptitiis
872 1435 1105 1528 civibus
1137 1455 1402 1522 conflato,
1446 1454 1679 1511 nullum
1727 1455 1921 1512 locum
1966 1455 2254 1531 indigenis
2296 1455 2678 1530 genuinisque

376 1553 605 1610 civibus
632 1554 915 1610 relictum·
932 1573 1055 1612 esse
1080 1563 1401 1612 cernerent.
1459 1553 1632 1610 Sicut
1656 1573 1796 1629 ergo
1823 1572 1927 1610 nos
1953 1553 2238 1629 querendi
2263 1553 2674 1610 documentum

379 1669 413 1705 a
438 1650 760 1723 majoribus
786 1651 1003 1707 nostris
1031 1650 1365 1720 hausimus;
1408 1651 1493 1707 sic
1519 1669 1820 1726 speramus
1845 1651 1970 1709 fore
2011 1661 2082 1708 ut
2107 1651 2494 1709 subveniendi
2521 1651 2676 1708 nobis

382 1747 716 1824 exemplum
742 1749 817 1806 ab
844 1767 951 1806 avo
978 1759 1086 1807 tuo
1113 1750 1628 1806 subministratum
1658 1749 1919 1824 arripias.

499 1846 702 1904 Unum
718 1867 763 1906 ·e
790 1849 948 1924 pacis
970 1867 1106 1910 cum
1135 1859 1243 1906 tuo
1289 1850 1349 1904 in
1390 1847 1682 1905 Hibernis
1725 1847 1980 1923 Optione
2019 1847 2178 1906 iuitoe
2219 1848 2522 1905 conventis
2569 1849 2674 1904 fuit

241 1947 345 2013 [x.]
380 1952 453 2000 ut
476 1941 487 2020 Ι
514 1944 719 2002 futura
744 1945 935 2021 primo
963 1967 1198 2022 quoque
1223 1956 1480 2021 tempore
1502 1945 1754 2003 Comitia
1774 1946 1958 2003 libera
1975 1945 2184 2004 forent·
2203 1946 2214 1952 ’
2227 1945 2344 2016 Sed
2363 1945 2478 2003 ista
2493 1946 2672 2004 Comi·

381 2043 465 2100 tia
490 2062 657 2100 serva
685 2055 826 2101 sunt
853 2045 1053 2120 potius
1089 2025 1267 2120 quam
1296 2045 1506 2102 libera.
1550 2045 1690 2119 quia
1727 2046 2074 2104 servitutem
2113 2045 2276 2121 genti
2302 2065 2418 2102 non
2446 2046 2672 2103 liberte-

382 2151 500 2198 tem
528 2143 890 2217 parturiunt,
916 2153 976 2200 et
1002 2143 1387 2220 optimatibus
1414 2143 1631 2199 nostris
1651 2161 1684 2200 e
1703 2141 1951 2219 pristine
1974 2143 2278 2218 opulentia
2303 2145 2672 2228 potentiaque
2750 2147 2751 2150 ’

382 2238 651 2312 dejectis;
679 2261 744 2297 ac
770 2240 1134 2307 cerdonibus,
1159 2240 1512 2308 textoribus,
1544 2240 1742 2305 fabriS,
1765 2239 2012 2310 latomis,
2039 2242 2312 2317 propoliS,
2339 2243 2598 2312 zonariiS,
2621 2255 2670 2300 et

384 2337 611 2396 servilis
638 2338 925 2413 ejusmodi
952 2339 1179 2414 generis
1207 2338 1337 2395 aliis
1365 2337 1437 2394 ad
1464 2357 1666 2394 eorum
1694 2337 1887 2396 locum
1911 2338 2094 2407 elatiS,
2123 2339 2184 2395 in
2209 2339 2499 2398 Hibernifl
2525 2341 2668 2398 thea-

386 2447 547 2492 trum
571 2445 632 2493 et
657 2457 887 2494 arenam
917 2438 1223 2495 servitutis
1250 2437 1564 2494 instituere
1588 2435 1868 2512 gestiunt,
1899 2457 2014 2494 non
2044 2438 2312 2496 tollentes
2341 2441 2668 2496 servitutem

386 2533 483 2591 sed
512 2543 821 2598 mutantes,
853 2535 1102 2592 dominis
1130 2536 1190 2592 in
1219 2554 1413 2593 servos
1454 2542 1514 2591 et
1542 2534 1723 2592 servis
1753 2535 1813 2591 in
1843 2535 2102 2593 dominos
2127 2539 2436 2594 conversis.
2515 2539 2666 2594 Alte-
2747 2539 2749 2578 ἲ

386 2654 519 2691 rum
545 2635 701 2710 pacis
730 2635 987 2707 ejusdem
1009 2645 1187 2712 caput
1202 2635 1633 2692 immunitatem
1655 2656 1686 2692 a
1706 2635 2059 2710 jurament0‚
2085 2656 2201 2711 quo
2221 2637 2365 2711 Regi
2393 2637 2668 2692 primatus

484 2835 527 2867 ‘¹⁶
546 2839 714 2885 Annal.
738 2839 847 2906 llil).
868 2840 991 2897 apud
1016 2840 1179 2886 camd.
1204 2854 1277 2885 an.
1310 2843 1447 2886 1341.
1538 2835 1580 2872 ⁶⁷
1601 2841 1797 2896 Hooker,
1824 2854 1867 2898 p.
1894 2843 1999 2887 120.
2090 2835 2131 2869 ‘⁵⁸
2151 2840 2332 2897 Rivius,
2365 2847 2520 2886 contra
2549 2841 2662 2884 Aua-

388 2903 519 2961 lecta,
544 2903 625 2950 lib.
648 2903 696 2951 ii.
762 2903 1019 2955 wliooker,
1046 2901 1140 2950 ibid
1218 2905 1262 2937 '7⁰
1282 2903 1460 2960 Rivius,
1486 2905 1592 2950 ibid.
1621 2920 1666 2964 p.
1699 2907 1770 2951 19.

454 3070 477 3094 ⁰
499 3073 555 3120 In
592 3073 673 3120 the
706 3073 921 3120 electione
956 3074 1026 3119 for
1064 3075 1155 3120 the.
1188 3049 1483 3130 Parliameut,
1593 3074 1730 3129 1613,
1774 3073 1898 3131 forty
1931 3087 2032 3118 new
2078 3074 2309 3132 boroughs
2353 3089 2468 3120 were
2509 3069 2664 3118 erected

394 3161 531 3216 1568,
568 3172 711 3218 many
733 3173 851 3206 were
888 3160 1103 3205 returned
1134 3159 1204 3206 for
1234 3158 1385 3218 places
1405 3164 1490 3204 not
1591 3160 1620 3183 “
1639 3158 1686 3203 in
1707 3157 1860 3218 places
1882 3158 1988 3205 that
2008 3172 2092 3204 can
2121 3159 2300 3219 scantly
2323 3174 2431 3218 pass
2460 3160 2534 3206 the
2563 3156 2662 3202 rank

386 3243 725 3304 incorporated;
750 3243 927 3290 sherifl's
949 3243 1043 3288 and
1065 3257 1249 3303 mayor-s
1275 3245 1486 3288 returned
1587 3242 1638 3288 of
1653 3243 1734 3288 the
1753 3249 1934 3302 poorest
1952 3242 2149 3304 villages
2170 3245 2217 3290 in
2247 3246 2326 3290 the
2347 3252 2522 3304 Ixion-est
2541 3259 2662 3290 coun-

387 3328 686 3384 theinselve83
710 3328 802 3373 and
842 3329 870 3353 ⁸⁴
888 3342 917 3372 a
938 3333 1070 3386 great
1104 3329 1297 3374 number
1320 3329 1370 3373 of
1388 3327 1484 3374 En-
1587 3333 1663 3387 try
1685 3327 1733 3372 in
1758 3327 2078 3374 Christendom
2095 3328 2135 3386 ;”
2158 3343 2218 3374 no
2235 3330 2364 3376 writs
2381 3345 2496 3377 were
2515 3333 2603 3376 seut
2624 3337 2662 3371 to
2744 3343 2745 3352 ¹

384 3410 641 3471 glishmen’'
665 3425 781 3457 were
816 3410 912 3456 also
942 3412 1167 3468 returned,
1202 3417 1415 3471 contrary
1441 3419 1486 3458 to
1587 3427 1710 3459 some
1732 3413 1784 3459 of
1799 3413 1876 3458 the
1899 3413 1974 3459 old
1999 3413 2256 3476 boruughs3
2283 3418 2374 3462 and
2397 3420 2510 3464 from
2531 3417 2662 3462 otiien

386 3495 464 3542 the
486 3497 549 3542 2³
570 3493 731 3554 Henry
750 3493 909 3552 vm„
932 3497 1070 3551 1541,
1101 3494 1251 3541 which
1280 3495 1487 3555 required
1587 3502 1768 3544 returns
1791 3497 1942 3544 would
1967 3501 2057 3544 hot
2081 3501 2137 3545 be
2157 3501 2379 3546 received.
2448 3503 2572 3549 Some
2590 3500 2657 3543 bo-

384 3579 625 3625 residence.
676 3579 774 3625 The
788 3578 979 3638 Judges,
995 3593 1053 3625 on
1074 3581 1157 3626 the
1169 3580 1331 3639 appeal
1346 3583 1486 3628 ofthe
1587 3583 1757 3640 roughs
1780 3597 1896 3627 were
1919 3585 2098 3630 created
2121 3586 2238 3631 after
2255 3588 2333 3631 the
2354 3587 2528 3645 issuiug
2541 3585 2660 3630 osthe
2741 3611 2743 3652 i

386 3657 633 3720 Cathfflics,
655 3665 945 3722 pronounoed
967 3665 1093 3710 these
1112 3673 1291 3710 returns
1311 3664 1481 3724 megel,
1587 3667 1967 3722 write—Daris,
2007 3683 2050 3727 p.
2093 3673 2206 3725 306,
2248 3671 2447 3718 Petitiou
2481 3671 2532 3718 of
2559 3669 2656 3714 Iris-h
2741 3679 2743 3708 ³

387 3744 473 3791 but
509 3746 726 3792 annulled
772 3746 882 3806 only
916 3748 995 3793 the
1030 3754 1122 3792 two
1160 3749 1269 3805 first,
1313 3751 1485 3809 merely
1592 3751 1766 3806 Lords3
1794 3749 2056 3814 Crawjbrd,
2085 3753 2113 3798 i.
2138 3769 2181 3812 p.
2197 3757 2304 3800 346.
2347 3755 2444 3800 The
2462 3755 2656 3800 membr-rs
2742 3761 2743 3768 ¹

387 3826 619 3886 imposing
640 3842 671 3872 a
703 3829 889 3888 penalty
914 3845 971 3874 on
1006 3832 1082 3875 the
1115 3833 1292 3878 sherifl's
1320 3835 1388 3879 for
1412 3835 1488 3878 the
1555 3865 1564 3874 .
1587 3835 1658 3880 for
1681 3839 1757 3882 the
1783 3839 2010 3896 boroughs
2045 3841 2220 3885 eret-ted
2257 3841 2373 3885 aster
2403 3843 2479 3887 the
2507 3839 2654 3897 issuinjz

388 3914 569 3955 returns
589 3911 641 3955 of
658 3911 734 3955 the
756 3911 881 3956 third
899 3913 1029 3957 class.
1079 3913 1398 3974 Hollingshed‚
1425 3919 1488 3963 vi.
1589 3919 1640 3963 os
1657 3919 1734 3963 the
1759 3920 1887 3964 writs
1907 3935 2026 3967 were
2058 3924 2274 3969 unseated
2301 3925 2362 3983 by
2387 3926 2464 3970 the
2487 3921 2652 3988 English

392 4005 466 4049 pp.
489 3994 597 4048 342,
621 3993 730 4048 343,
754 3993 862 4038 344.
907 3993 1065 4039 Before
1091 3995 1166 4040 the
1192 3995 1486 4046 Pax-nanneni.
1590 4001 1806 4050 Coimcil:
1848 4002 1910 4048 an
1956 4007 2107 4051 other,³
2149 4021 2262 4053 were
2302 4007 2490 4054 allowed
2523 4015 2564 4052 to
2592 4007 2652 4050 sit.
