2834 4467
306 188 430 257 232
1076 206 1488 255 causamme
1517 180 1858 257 amasus(
1924 213 1948 285 '‚
2337 218 2486 284 [cm
2514 221 2605 269 111,

303 367 561 443 abegisse
576 375 637 425 et
654 366 811 443 leges
836 366 1183 425 Hibernicas
1202 354 1505 425 admisisse
1525 367 1742 443 quibus
1766 367 1880 444 ipsi
1907 386 2226 445 eorumque
2251 371 2492 430 clientes
2513 372 2604 429 ul·

302 476 401 525 tro
424 466 811 525 adhaerebant.
892 467 983 523 Ita
1010 475 1081 525 ut
1098 467 1281 543 Angli
1306 466 1413 542 qui
1438 484 1778 542 expugnare
1797 465 2094 525 Hibernos
2117 468 2506 528 decreverunt
2532 473 2607 528 ab

304 565 397 623 his
422 565 593 642 plane
624 586 691 623 ac
722 566 964 642 penitus
988 567 1315 643 expugnati
1340 566 1606 623 fuerint⁷⁴
1631 566 1751 641 qua
1780 566 1922 623 victi
1947 566 2276 625 victoribus
2301 569 2486 645 legem
2509 570 2604 628 de-

282 662 497 721 -dere.”
533 664 717 740 Angli
736 665 913 723 etiam
940 664 1203 739 linguam
1221 663 1532 739 Anglicam
1551 682 1670 719 non
1695 662 1778 720 sol
1787 662 1886 721 tim
1905 663 2189 722 oblivioni
2215 666 2604 736 tradiderunt,

305 764 405 823 sed
432 772 493 833 et
518 782 643 823 eam
669 764 831 839 loqui
858 760 1159 840 dedignati
1184 771 1343 831 sunt,
1371 771 1446 819 ut
1465 760 1698 819 tandem
1726 761 1949 838 lingua,
1967 763 2318 834 nominibuS,
2339 774 2520 835 veste,
2543 784 2610 824 ac

204 936 209 943 ἡ
306 862 433 921 tota
444 862 683 931 vivendi
702 863 945 931 ratione,
972 862 1121 921 meri
1152 862 1403 921 Hiberni
1429 862 1718 920 evaserint
1737 869 1799 919 et
1823 861 2056 937 legibus
2076 863 2344 941 Anglicis
2369 866 2607 942 repudi-

306 963 419 1021 atis
456 962 530 1019 ad
559 954 908 1019 Hibernicas
948 980 1009 1019 se
1046 960 1475 1019 accomodarint
1511 968 1572 1019 et
1604 960 1860 1037 plurima
1885 962 2158 1037 conjugia
2183 962 2610 1041 affinitatesque

306 1080 443 1121 cum
472 1062 755 1120 Hibernis
774 1062 1235 1121 contraxerinffl.

426 1158 725 1219 Nimirum
751 1168 827 1217 ut
851 1160 1093 1236 frugum
1120 1157 1340 1217 semina
1373 1177 1449 1216 ex
1489 1158 1732 1235 originis
1767 1159 1889 1217 solo
1923 1160 1986 1217 in
2011 1160 2255 1219 alienam
2281 1161 2494 1222 educta
2519 1164 2609 1221 in-

308 1258 499 1317 dolem
523 1268 777 1329 mutant,
818 1266 881 1317 et
904 1266 1196 1338 naturam,
1227 1243 1516 1335 terraeque
1541 1260 1639 1317 cui
1663 1260 1895 1318 noviter
1921 1262 2284 1333 inseruntur,
2313 1274 2374 1321 et
2399 1265 2462 1322 in
2490 1266 2612 1341 qua

306 1358 381 1417 ad
418 1358 644 1433 justam
672 1359 1076 1417 maturitatem
1112 1358 1450 1429 adolescunt
1490 1358 1881 1417 conditionem
1919 1359 2205 1429 referunt,
2248 1362 2331 1420 sic
2369 1364 2611 1422 coloniae

308 1457 507 1535 aliquo
534 1458 799 1518 deductae
838 1466 973 1535 post
1008 1457 1288 1517 domicilii
1330 1476 1395 1516 ac
1423 1458 1795 1516 fortunarum
1837 1457 2027 1517 sedem
2067 1460 2129 1515 in
2171 1480 2238 1518 eo
2276 1460 2402 1519 loco
2430 1461 2613 1519 fixam

169 1560 285 1627 [25]
310 1560 680 1634 sobolemque
716 1566 1091 1634 propagatam
1132 1558 1243 1631 maj
1251 1557 1339 1613 ori
1378 1555 1508 1629 ejus
1549 1574 1742 1613 amore
1785 1564 2063 1614 tenentur
2105 1556 2282 1631 quam
2315 1556 2326 1635 Ι
2356 1558 2616 1636 regionis

309 1658 467 1716 unde
492 1668 634 1715 ortae
662 1665 818 1715 sunt.
882 1656 1042 1714 Hinc
1068 1664 1158 1713 est
1184 1653 1348 1731 qued
1372 1655 1610 1713 coloniae
1638 1654 1778 1713 olim
1801 1654 2031 1713 Italiam
2057 1656 2345 1715 acolentes
2369 1657 2444 1715 ad
2471 1660 2614 1717 sub-

308 1754 659 1813 veniendum
686 1754 855 1812 urbis
876 1753 1071 1809 Romae
1090 1751 1279 1829 (unde
1303 1752 1533 1828 generis
1558 1753 1845 1828 originem
1867 1752 1980 1829 ipsi
2000 1752 2341 1830 traxerunt)
2362 1755 2614 1815 difficul-

311 1854 535 1912 tatibus
560 1852 623 1909 in
652 1850 905 1909 secundo
926 1851 1084 1908 bello
1110 1850 1336 1907 Punico
1360 1850 1574 1909 adduci
1599 1870 1718 1909 non
1744 1861 2086 1927 potuerunt.

432 1954 617 2010 Porro
643 1950 780 2010 cum
809 1948 1062 2008 Hiberni
1090 1968 1279 2025 neque
1304 1958 1482 2017 veste,
1521 1949 1744 2026 lingua,
1793 1958 1900 2007 aut
1937 1950 2064 2027 lege
2093 1951 2427 2027 Anglorum
2453 1954 2617 2011 simi-

312 2050 627 2111 litudinem
657 2049 990 2119 retulerint,
1028 2066 1147 2107 non
1172 2046 1341 2106 video
1372 2046 1491 2123 qua
1525 2048 1751 2105 ratione
1783 2048 1845 2105 in
1885 2029 2309 2134 subjectionem
2335 2049 2410 2106 ad
2436 2054 2618 2131 quam

314 2142 387 2210 se‘
400 2151 763 2210 demiserunt
796 2150 975 2224 justae
1018 2148 1475 2225 expugnationis
1521 2147 1835 2225 appellatio
1886 2146 2090 2205 cadere
2130 2146 2410 2225 potnerit.
2491 2150 2553 2208 N
2553 2170 2622 2209 ec

312 2251 428 2307 alio
453 2249 579 2307 ullo
617 2256 898 2324 praeterea
937 2246 1285 2309 documento
1321 2246 1384 2302 in
1412 2245 1746 2321 Anglorum
1783 2244 2063 2303 ditionem
2099 2244 2352 2305 Hiberni
2390 2248 2622 2308 venisse

314 2350 728 2408 ostenduntur.
778 2346 1028 2404 Frustra
1055 2344 1209 2402 enim
1224 2343 1343 2401 huc
1364 2363 1398 2402 a
1415 2345 1642 2402 Bodino
1663 2343 1993 2417 subsidium
2020 2355 2349 2404 accersetur
2365 2345 2616 2417 dicente,

318 2454 356 2481 “
377 2445 707 2505 individuas
726 2463 849 2503 esse
874 2442 1089 2501 summi
1108 2442 1341 2519 imperii
1366 2426 1611 2500 tesseras
1637 2450 1710 2500 ut
1735 2442 1790 2501 ei
1817 2443 1926 2501 soli
1945 2462 2119 2519 penes
2145 2462 2320 2519 quem
2347 2463 2621 2521 suprema

313 2554 568 2623 potestas
586 2554 676 2603 est
703 2544 937 2602 bellum*
952 2551 1059 2601 aut
1076 2561 1275 2619 pacem
1300 2541 1556 2599 indicere
1581 2550 1644 2600 et
1669 2560 1836 2600 reum
1863 2543 2048 2619 poenis
2072 2543 2338 2601 addicere
2355 2553 2461 2601 aut
2477 2545 2620 2601 sub-

314 2645 528 2702 ducere
553 2662 660 2719 pro
686 2641 1001 2700 arbitratu·
1024 2658 1132 2699 suo
1172 2633 1441 2697 liceat⁷⁶.”
1521 2639 1674 2697 N‘am
1699 2658 1838 2716 rege
1863 2639 2098 2717 Angliae
2121 2641 2458 2700 inconsulto
2483 2661 2622 2701 suas

314 2743 570 2802 Hiberni
602 2742 757 2817 leges
783 2740 856 2797 ad
882 2759 1001 2798 suae
1027 2740 1367 2816 reipublicae
1406 2738 1969 2798 administrationem
2008 2740 2378 2811 adhibebant,
2406 2742 2622 2817 magis-

314 2853 509 2903 tratus
534 2841 945 2907 instituebant,
986 2839 1305 2915 flagitiosos
1344 2837 1406 2895 in
1448 2839 1570 2896 suis
1611 2838 1937 2911 ditionibus
1975 2840 2072 2897 vel
2109 2839 2278 2915 poena
2315 2841 2410 2899 vel
2449 2842 2624 2899 venia

315 2941 837 3021 prosequebantur,
882 2937 1107 2996 bellum
1148 2944 1255 2993 aut
1288 2956 1489 3013 pacem
1529 2936 1696 2995 nullo
1725 2936 1840 2995 alio
1881 2938 1943 2993 in
1979 2937 2292 2995 concilium
2332 2937 2620 3010 adhibite,

638 3092 680 3125 τι
702 3090 865 3147 navis,
890 3104 935 3148 p.
965 3088 1073 3136 133.
1140 3089 1182 3121 ⁷⁵
1206 3086 1340 3143 Ibis„
1364 3100 1411 3144 p.
1441 3086 1547 3133 143.
1616 3086 1656 3119 το
1679 3085 1781 3133 Lib.
1805 3084 1836 3131 i.
1861 3086 1918 3132 <10
1940 3086 2118 3145 sepas.
2143 3100 2182 3132 e„
2207 3086 2291 3133 un„

380 3238 404 3273 8
437 3231 527 3279 We
547 3231 668 3277 have
688 3223 876 3288 already?
896 3239 1003 3273 seen
1034 3223 1167 3287 (note
1197 3230 1235 3282 Ρ,
1258 3226 1415 3285 supra,
1521 3220 1759 3287 [Bel-chan
1769 3220 1838 3287 ?]‚
1863 3223 1968 3270 who
1987 3223 2084 3271 had
2114 3224 2306 3272 forewld
2333 3226 2416 3272 the
2435 3226 2624 3286 coming

316 3332 363 3379 p.
388 3316 512 3381 228)
552 3317 657 3363 that
688 3315 769 3361 the
789 3312 1093 3374 Anglo-Irish
1108 3307 1306 3371 prelatas
1336 3324 1417 3355 en-
1519 3310 1571 3356 os
1587 3310 1668 3356 the
1681 3310 1894 3370 English,
1911 3312 2004 3358 had
2020 3310 2118 3357 also
2133 3312 2285 3358 stated
2306 3313 2412 3359 that
2423 3312 2624 3373 English

316 3402 577 3449 deavoured
610 3405 661 3447 ω
692 3398 837 3445 check
866 3397 947 3443 the
977 3394 1339 3455 amalgamation
1372 3394 1427 3440 of
1521 3408 1676 3454 power
1695 3396 1850 3443 would
1872 3395 1965 3443 last
1985 3396 2095 3456 only
2118 3409 2170 3443 as
2192 3396 2303 3456 long
2323 3410 2376 3443 as
2403 3398 2516 3459 they
2537 3398 2624 3444 ob-

314 3488 398 3535 the
410 3493 505 3534 two
517 3499 645 3533 taces
660 3486 725 3545 by
740 3485 821 3531 the
836 3494 1048 3530 censuras
1063 3480 1203 3527 ofthe
1216 3478 1417 3527 Church.
1522 3482 1683 3527 served
1720 3481 1841 3527 their
1861 3494 1968 3527 own
1996 3480 2423 3539 laws.”--Harris,
2451 3481 2624 3529 Hiber-

319 3570 523 3630 Pcpular
544 3568 807 3629 prophecies
828 3580 945 3614 were
978 3564 1219 3626 employed
1238 3565 1311 3612 for
1339 3564 1419 3611 the
1518 3565 1642 3622 nica,
1671 3578 1716 3625 p.
1741 3566 1819 3612 88.

249 3638 256 3645 ’
319 3668 447 3701 same
480 3666 689 3713 purpose.
756 3652 912 3699 Baton
951 3649 1165 3710 Finglass
1199 3648 1422 3695 mom-ned
1572 3646 1612 3681 *¹¹
1643 3648 1906 3709 According
1948 3654 1998 3696 to
2039 3664 2068 3697 a
2103 3648 2314 3710 singular
2325 3656 2542 3709 ‘passage
2573 3649 2628 3695 in

154 3780 159 3785 .
320 3754 433 3787 over
452 3740 532 3786 the
566 3738 879 3797 approaching
907 3735 1012 3782 ruin
1036 3736 1089 3782 of
1110 3733 1308 3794 English
1338 3734 1423 3779 do·
1522 3732 1833 3781 O'Sullivan’s
1878 3735 2102 3781 Historia
2147 3733 2415 3792 Catholicae,
2460 3748 2505 3793 p.
2543 3735 2624 3790 85,

212 3849 221 3855 ·
321 3824 495 3871 minion
517 3824 566 3869 in
590 3822 785 3879 Ireland,
817 3823 1011 3868 because
1036 3820 1118 3867 the
1136 3820 1240 3867 four
1260 3818 1420 3876 saints,
1523 3831 1666 3878 many
1687 3818 1741 3864 os
1755 3818 1835 3865 the
1857 3817 2160 3877 Anglo-Irish
2179 3818 2231 3864 of
2247 3818 2322 3864 his
2339 3818 2434 3877 day
2449 3815 2628 3875 carried

324 3908 527 3965 Patrick,
556 3906 798 3964 Columba,
832 3904 1027 3965 Moling‚
1064 3904 1158 3950 and
1179 3902 1428 3962 Braghane
1524 3907 1572 3947 to
1607 3903 1719 3949 such
1757 3902 1944 3962 lengths
1981 3901 2101 3949 their
2127 3902 2291 3949 hatred
2329 3898 2626 3961 of‘Englnnd
