2834 4467
358 208 484 273 330
1126 226 1540 272 ciniensi-isis
1569 222 1877 271 svnnsus.
2020 270 2040 292 Ι,
2313 292 2322 301 ·
2424 228 2575 294 [cir.
2605 230 2677 278 v.

354 378 535 449 mum,
558 398 664 437 nec
691 398 933 455 prorsus
959 380 1295 457 abneganda
1312 376 1675 437 decrevit¹¹.”
1728 378 1923 455 Atqui
1941 396 2101 437 nunc
2127 376 2384 437 dilucide
2412 380 2680 456 perspici

352 486 549 555 potest
574 498 689 537 non
704 480 829 554 jam
849 480 1159 537 secundam
1177 476 1596 555 Topographiae
1623 477 2058 537 distinctionem
2085 479 2159 535 ab
2179 498 2302 535 uno
2327 479 2539 553 aliqu0,
2559 479 2674 535 scd

354 578 686 637 universam
725 598 760 636 a
797 580 1073 655 pluribus
1099 578 1444 655 impetitam,
1475 586 1537 635 et
1563 596 1820 635 eversam
1845 577 2041 635 fuisse.
2123 578 2194 633 In
2220 576 2339 651 qu&
2365 576 2504 633 cum
2531 594 2674 651 quae

354 676 466 743 sub
494 674 827 733 fabularum
868 675 1165 733 notionem
1190 675 1440 732 veniunt
1467 692 1586 731 non
1613 672 1916 750 sigillatim
1942 673 2298 749 indicantur,
2344 675 2457 730 toti
2497 673 2676 749 operi

350 773 741 831 fabellationis
766 772 1214 848 appellationem
1240 790 1350 829 cur
1377 771 1715 840 subducam,
1745 790 1813 827 ac
1838 768 2146 827 authorem
2185 770 2544 827 fabellatoris
2571 770 2672 827 in-

352 867 534 943 signis
563 868 745 925 titulo
770 866 1124 935 defraudem,
1169 886 1286 923 non
1312 866 1498 925 video.
1570 867 1627 923 A
1655 866 1775 941 qua
1811 865 2104 923 sententia
2143 884 2262 922 non
2287 863 2459 941 longe
2488 866 2610 921 Wa
2645 897 2672 907 ·

352 984 505 1021 raeus
543 965 669 1021 abit
696 964 919 1021 dicens:
965 970 1003 996 ‘⁴
1020 962 1214 1020 Multa
1248 964 1512 1021 fabulosa
1537 963 1610 1021 de
1637 962 1928 1020 Hibernia
1961 962 2354 1020 accumulavit
2382 962 2644 1019 Giraldu

354 1062 723 1119 cambrensis
762 1062 825 1117 in
854 1060 1259 1138 Topographia
1298 1062 1620 1119 Hiberniae.
1699 1060 1814 1119 Sed
1841 1061 1973 1118 aliis
1997 1080 2065 1119 ea
2089 1056 2459 1120 discutienda
2481 1060 2671 1117 relin-

354 1160 619 1234 quimus:
649 1158 699 1217 si
726 1159 964 1235 quidem
992 1168 1197 1219 exacta
1220 1178 1424 1217 eorum
1451 1159 1735 1218 discussio
1747 1158 1982 1234 justum
2007 1159 2264 1235 requirit
2279 1160 2674 1228 tractatum,”

352 1266 462 1315 etc.
580 1259 663 1315 Et
697 1256 881 1334 paulo
922 1266 1055 1333 post
1094 1257 1261 1314 addit
1287 1273 1302 1314 z
1348 1262 1387 1289 “
1406 1256 1485 1315 Se
1529 1255 1734 1315 mirari
1771 1258 1929 1315 viros
1967 1255 2196 1333 aliquos
2240 1256 2423 1330 hujus
2461 1256 2674 1313 saeculi

353 1354 575 1430 alioqui
612 1372 818 1430 graves
852 1363 914 1413 et
946 1354 1147 1412 doctos
1180 1353 1462 1429 figmenta
1495 1372 1562 1412 ea
1589 1353 1818 1412 Gir-aldi
1855 1354 2077 1411 mundo
2117 1354 2338 1411 iterum
2370 1372 2478 1429 pro
2505 1354 2674 1412 veris

212 1456 329 1523 [40]
354 1453 779 1511 obtrusisse¹².”
844 1453 1107 1510 Pronum
1136 1460 1227 1511 est
1252 1451 1432 1528 quam
1459 1452 1718 1529 plurima
1745 1452 2167 1529 Topographiae
2197 1450 2208 1530 Ι
2239 1452 2365 1511 loca
2389 1452 2673 1512 funditus

352 1550 710 1620 convellere;
750 1550 849 1609 sed
874 1548 1010 1607 clim
1048 1568 1251 1607 eorum
1278 1550 1600 1609 universim
1625 1550 1750 1627 ipse
1774 1550 2128 1628 palinodiam
2153 1551 2445 1620 cecinerit,
2473 1571 2546 1609 eo
2581 1552 2670 1609 lsr-

353 1649 495 1705 bore
522 1656 821 1725 tamquam
848 1664 1290 1723 super-vaccum,
1332 1648 1828 1724 supersedendum
1863 1666 2084 1718 censen,
2123 1657 2186 1707 et
2207 1648 2432 1705 homini
2456 1658 2670 1724 gratu-

353 1744 597 1803 landum
615 1742 779 1820 quod
801 1744 1001 1802 delicti
1016 1744 1426 1803 conscientiam
1439 1744 1672 1804 diutius
1685 1746 1842 1821 apud
1861 1764 1924 1803 se
1941 1746 2158 1803 morari
2171 1765 2288 1805 non
2303 1745 2670 1822 permiserit:

354 1844 473 1901 imo
512 1851 683 1899 extra
706 1842 975 1900 veritatis
1000 1850 1185 1901 metas
1210 1861 1317 1918 per
1340 1843 1798 1920 imprudentiam
1835 1852 2060 1921 raptus,
2102 1844 2266 1901 intra
2297 1844 2672 1903 demissionis

356 1960 419 1999 se
443 1939 661 1998 limites
687 1938 923 2004 tandem
946 1940 1250 2016 receperit.
1329 1940 1420 1997 Ut
1445 1939 1806 2000 infirmitatis
1837 1940 2108 2000 humane
2149 1942 2296 1998 sorti
2335 1940 2668 1999 condonan-

356 2040 501 2097 dum
528 2038 608 2097 sit
633 2036 799 2114 quod
818 2038 1155 2115 deliquerit,
1182 2038 1401 2097 virtuti
1426 2038 1876 2125 adscribendum
1901 2037 2068 2116 quod
2091 2039 2424 2115 resipuerit-

271 2212 281 2221 .
474 2134 705 2194 Verum
731 2136 805 2194 ab
831 2134 1047 2195 ultima
1064 2135 1369 2195 hominum
1394 2135 1674 2195 memori&
1696 2136 1798 2195 ille
1821 2136 2012 2196 multa
2036 2137 2271 2213 repetit,
2299 2154 2430 2213 quae
2452 2138 2666 2209 oculis,

354 2245 461 2295 aut
484 2236 697 2294 auditu
724 2236 1038 2313 percipere,
1066 2245 1175 2295 aut
1198 2236 1576 2307 rumusculis,
1604 2256 1750 2312 quos
1775 2236 1952 2297 unice
1977 2237 2188 2296 sectari
2213 2238 2376 2296 visus
2413 2246 2520 2307 est,
2561 2258 2668 2296 ex-

354 2336 547 2411 cipere
571 2352 688 2391 non
715 2335 931 2411 potuit.
1009 2335 1070 2393 N
1071 2352 1233 2411 eque.
1252 2335 1407 2393 enim
1435 2343 1752 2393 nautarum
1779 2335 2132 2405 celeumata,
2153 2354 2346 2411 neque
2367 2336 2666 2413 gregario-

356 2452 493 2492 rum
518 2431 779 2490 militum
808 2450 1107 2501 susurrus,
1150 2432 1367 2507 quibus
1394 2432 1497 2491 ille
1529 2438 1604 2493 ut
1627 2432 1958 2509 plurimum
1985 2452 2156 2491 aures
2181 2432 2412 2492 avidius
2439 2452 2666 2493 weom-

355 2531 589 2589 modare
614 2531 936 2600 consuevit,
979 2530 1279 2606 quidpiam
1317 2529 1542 2589 hiscere
1566 2540 1839 2607 poterant
1865 2534 2160 2609 explorati
2192 2533 2266 2591 de
2301 2534 2393 2603 iis,
2423 2552 2556 2609 quoe
2589 2533 2668 2592 de

356 2628 571 2687 veteris
584 2629 879 2687 memoriae
900 2630 1079 2687 rebus
1095 2628 1430 2705 posteritati
1447 2630 1890 2689 commendavit.
1944 2636 1984 2665 “
2003 2632 2122 2691 Sed
2144 2632 2280 2703 illae,
2297 2631 2446 2709 proh
2463 2631 2664 2693 dolor!

356 2727 453 2785 vel
477 2726 721 2797 nullis‚”
762 2735 898 2786 ante
921 2727 1135 2802 ipsum,
1168 2733 1206 2760 ‘⁶
1222 2726 1411 2798 editae,
1450 2729 1545 2786 vel
1570 2730 1772 2806 paucis
1796 2731 2112 2791 enucleata
2139 2739 2298 2789 sunt.
2377 2731 2663 2789 Hiberni-

358 2844 463 2883 cus
488 2824 645 2881 enim
677 2824 836 2881 orbis
875 2842 991 2881 non
1028 2824 1262 2882 omnino
1292 2824 1574 2896 intactus,
1615 2826 1846 2885 nullius
1867 2830 2126 2898 tamen‚”
2165 2836 2304 2887 ante
2330 2828 2664 2901 Giraldnm,

362 2923 563 3000 “stylo
594 2919 863 2979 absolute
894 2921 1341 2997 comprehensus
1366 2925 1514 2982 est.''
1583 2922 1714 2984 Iino
1746 2930 1784 2959 “
1803 2925 1868 2981 in
1885 2925 2118 2984 duabus
2143 2926 2350 3002 primis
2367 2927 2665 3003 Topogra-

357 3020 509 3097 phiae
531 3020 815 3096 partibus,
835 3018 1059 3077 nullam
1075 3038 1314 3095 prorsus
1334 3038 1410 3079 ex
1431 3019 1666 3097 scriptis
1682 3020 2018 3080 Hibernicis
2038 3022 2408 3094 evidentiam,
2427 3025 2664 3083 nullum

358 3120 595 3197 penitus
622 3120 853 3177 invenit
877 3118 1118 3196 (praeter
1136 3119 1321 3195 ipsam
1347 3119 1774 3195 disquisitionis
1801 3120 2196 3199 diligentiam)
2222 3124 2540 3182 extrinseci
2560 3126 2662 3200 ju-

357 3218 607 3276 vaminis
626 3218 1107 3277 adminiculum.”
1180 3218 1343 3276 Duas
1368 3219 1557 3294 igitur
1574 3219 1798 3295 priores
1816 3220 2234 3297 Topographiae
2259 3221 2664 3281 distinctiones

358 3338 392 3376 e
416 3321 657 3377 cerebro
683 3338 807 3387 suc,
830 3326 890 3377 et
908 3318 1430 3386 sciscitationibus3
1455 3318 1836 3394 posteriorem
1861 3338 1895 3378 e
1913 3320 2252 3379 tabularum
2269 3321 2664 3380 monumentis

361 3481 570 3592 ffissess*
591 3481 942 3593 meantifgibus
964 3454 1157 3537 sirmi,
1182 3480 1289 3527 vide
1313 3480 1566 3527 Ussiierum
1589 3480 1640 3527 in
1663 3480 1867 3545 Sylloge,
1892 3497 1938 3543 p.
1966 3484 2073 3531 159.
2141 3485 2180 3517 1²
2205 3483 2276 3530 ne
2291 3482 2666 3545 Antiquitatibus

542 3560 611 3604 ιω,
638 3560 739 3605 cap.
830 3579 841 3591 .

424 3672 447 3705 ‘¹
474 3675 520 3720 If
538 3675 756 3723 Giraldus
788 3675 928 3721 found
951 3688 1011 3721 no
1033 3674 1270 3721 materiale
1290 3675 1339 3720 in
1364 3674 1460 3721 Ire·
1562 3674 1680 3721 lives
1701 3674 1753 3720 of
1780 3674 1858 3721 the
1882 3674 2002 3723 Irish
2025 3676 2170 3723 saints
2199 3691 2277 3723 are
2297 3677 2498 3725 anterior
2519 3683 2568 3725 to
2587 3680 2663 3728 his

360 3760 472 3813 land
493 3762 563 3807 for
585 3762 665 3807 the
680 3760 845 3807 second
858 3757 1126 3807 distinction
1146 3760 1199 3808 of
1221 3760 1293 3807 his
1310 3758 1462 3819 Topo-
1563 3758 1670 3819 day.
1723 3758 1869 3805 There
1884 3774 2002 3806 were
2017 3760 2148 3807 other
2167 3761 2408 3808 abundant
2429 3762 2662 3810 materials

362 3844 559 3901 graphy,
600 3843 640 3889 it
677 3848 802 3889 must
836 3844 893 3889 be
930 3844 1125 3890 because
1158 3844 1219 3889 he
1256 3840 1367 3890 took
1402 3856 1464 3889 no
1563 3858 1623 3889 on
1645 3845 1723 3890 the
1745 3858 1870 3890 same
1891 3828 2069 3905 subject
2101 3845 2150 3891 in
2167 3846 2246 3893 the
2269 3846 2389 3893 Irish
2411 3846 2656 3909 language‚

363 3924 543 3970 trouble
565 3930 612 3971 to
634 3925 729 3971 find
751 3926 891 3972 them.
973 3928 1120 3987 Many
1144 3927 1195 3975 of
1220 3928 1301 3973 the
1322 3927 1463 3973 Latin
1562 3929 1683 3977 ifwe
1705 3942 1790 3976 can
1803 3930 1948 3991 judg‘e
1963 3930 2082 3978 from
2098 3931 2362 3992 catalogues
2379 3932 2472 3979 and
2493 3934 2660 3993 parch-
