2834 4467
335 191 461 257 338
1116 212 1530 260 cannnnusis
1559 212 1870 259 nvnnsus.
2408 216 2560 281 [car.
2589 217 2660 265 v.

334 365 525 425 solum
564 372 601 398 ‘⁶
620 365 798 443 digna
822 365 1146 425 memoria”
1186 366 1444 437 fuerint;
1481 367 1580 425 sed
1604 367 1782 425 etiam
1807 365 2000 443 digna,
2031 359 2163 443 quae
2181 342 2556 443 posteritati,
2587 376 2661 425 et

332 464 405 521 ad
432 465 647 523 scelera
672 465 1029 536 declinanda,
1047 475 1109 524 et
1122 467 1409 524 virtutem
1437 465 1915 543 amplectendam,
1936 465 2203 542 exemplo
2221 475 2656 542 proponantur.

335 564 567 633 Quibus
594 562 789 622 multo
817 566 1185 641 praestitisset
1210 572 1284 623 ut
1313 566 1592 623 Gir-aldus
1623 566 1807 624 libros
1837 584 1974 623 suos
2009 564 2424 641 insignivisset,
2461 565 2656 641 quiam

331 661 648 737 plebeculas
688 663 991 739 spurcitiis
1032 663 1414 740 inquinasset,
1459 683 1604 739 quas
1641 674 1761 721 tam
1795 679 2008 740 magno
2043 663 2240 721 studio
2285 665 2658 739 conquisitas

332 760 503 820 libris
546 762 670 821 suis
715 763 1064 821 inseruerat.
1164 763 1347 831 Quasi
1392 764 1830 839 pertimesceret
1869 780 1942 820 ne
1982 762 2257 839 praeclara
2300 776 2656 837 magnatum

332 860 486 918 facta
516 868 552 893 “
572 861 997 939 compendium
1039 862 1221 919 nimia
1256 862 1600 939 prolixitate
1625 861 2042 931 distenderet‚”
2084 861 2244 938 quod
2266 862 2437 937 vulgi
2462 864 2654 921 naevis

334 967 447 1023 toti
472 968 637 1041 genti
670 964 745 1024 ab
778 968 906 1043 ipso
944 966 1253 1045 adscriptis
1286 968 1500 1026 sarcire
1539 968 1868 1026 constituit.
1947 967 2120 1025 Sicut
2153 986 2364 1029 aranee
2401 966 2572 1027 virus
2617 987 2652 1025 e

334 1063 557 1141 thymo,
586 1062 705 1123 mel
736 1066 861 1142 apis
896 1066 1167 1143 exsugit3
1213 1067 1295 1124 sic
1330 1086 1363 1124 e
1396 1067 1664 1143 pessimis
1690 1066 2026 1142 quibusque
2049 1066 2396 1141 quorumvis
2423 1065 2650 1123 Hiber-

331 1180 547 1221 norum
572 1165 835 1223 moribus
862 1166 1207 1223 fasciculum
1232 1166 1334 1224 ille
1358 1165 1518 1235 fecit,
1561 1167 1736 1223 missa
1761 1166 1976 1223 faciens
2003 1184 2132 1240 quae
2159 1163 2319 1241 apud
2345 1164 2654 1223 Hibernos

330 1262 699 1339 praeclariora
722 1272 1035 1341 repererat.
1124 1263 1335 1325 Sordes
1374 1272 1570 1323 tamen
1596 1264 1738 1322 istas
1775 1264 1879 1322 ille
1909 1268 1946 1297 “
1965 1282 2072 1340 pro
2097 1263 2388 1347 gemmis”
2427 1264 2654 1323 habere

330 1363 497 1420 visus
522 1371 613 1419 est
634 1382 780 1438 quas
818 1369 857 1396 ‘⁴
872 1363 1150 1439 eligens,”
1176 1371 1239 1421 et
1264 1369 1302 1396 “
1322 1363 1679 1439 excipiens,”
1719 1372 2018 1439 tamquam
2057 1370 2094 1396 “
2113 1362 2468 1438 elegantiora
2495 1383 2650 1440 prae-
2687 1402 2694 1407 -

334 1465 487 1521 senti
521 1464 822 1521 volumine
866 1461 1170 1541 digessit‚”
1218 1464 1406 1521 instar
1449 1463 1588 1533 suis,
1634 1464 1733 1521 cui
1774 1464 1959 1540 magis
1994 1464 2212 1540 volupe
2253 1472 2344 1521 est
2382 1464 2446 1521 in
2494 1474 2652 1523 ster-

334 1564 570 1640 quilinii
596 1562 922 1640 volutabro,
965 1564 1146 1639 quam
1188 1563 1345 1621 inter
1370 1564 1742 1623 suavissimos
1765 1583 2032 1640 quosque
2061 1564 2266 1621 odores
2301 1582 2362 1621 se
2394 1582 2652 1624 versare.

218 1668 235 1685 ⁰
333 1664 545 1721 Fateor
568 1663 840 1738 equidem
870 1661 1125 1739 ingenue
1164 1663 1388 1720 nullam
1429 1682 1552 1721 esse
1585 1672 1835 1740 gentem,
1863 1663 1964 1720 cui
2007 1683 2124 1721 suae
2151 1663 2354 1721 laudes
2389 1670 2452 1720 et
2484 1664 2654 1721 labes

337 1780 455 1818 non
481 1762 704 1818 insunt.
786 1761 983 1829 Quare
1001 1760 1201 1825 minus
1225 1760 1469 1821 moleste
1489 1762 1614 1819 fero
1639 1780 1770 1838 quae
1795 1763 1952 1840 apud
1979 1781 2086 1821 nos
2111 1763 2314 1841 turpia
2339 1770 2482 1821 sunt
2509 1782 2650 1839 pro-

336 1861 536 1937 palari,
566 1860 618 1918 si
642 1860 917 1938 praeclara
942 1878 1189 1937 quaeque
1214 1878 1331 1920 non
1362 1861 1771 1921 reticerentur.
