2834 4467
335 224 416 286 10
777 250 784 255 ³
1057 244 1371 292 Emsrou
1407 244 1873 313 nsmcsroms.

325 404 430 462 est,
461 393 625 470 quod
649 394 720 452 ad
759 395 992 471 Angliae
1031 396 1284 455 Comitia
1319 398 1416 463 ,vel
1460 392 1796 459 absolvendi
1840 400 1934 458 vel
1980 399 2291 459 damnandi
2338 403 2649 461 sistimur.

326 494 596 561 Quorum
621 492 928 551 Senatores
955 493 1018 550 in
1041 482 1148 552 nos
1168 495 1193 569 j
1200 476 1396 553 udicis.
1434 516 1703 557 exercere
1744 518 1862 556 non
1902 499 2135 569 debent,
2164 518 2302 565 cum
2326 501 2441 578 ipsi
2467 501 2647 575 ejus-

323 590 454 647 dem
483 590 708 666 fastigii
734 609 798 647 ac
837 609 942 647 nos
982 590 1206 648 subditi
1253 592 1390 649 sint.
1470 585 1512 651 J
1514 613 1623 651 ura
1664 596 1821 652 enim
1860 604 2203 655 statuerunt
2243 604 2317 655 ut
2366 604 2529 673 “par
2564 598 2649 655 in

319 708 518 764 parem
559 707 678 747 non
723 690 936 757 habeat
981 690 1392 765 imperiumffie’
1474 693 1656 769 Leges
1682 695 1933 753 antehac
1982 698 2057 754 ab
2076 696 2311 772 Angliae
2352 698 2643 755 Comitiis

319 787 492 845 lataew
515 788 750 845 nullum
775 788 839 844 in
867 787 1155 845 Hibernia
1181 790 1408 863 pondus
1434 789 1573 847 ante
1600 800 1781 850 nactae
1809 801 1969 864 sunt,
1999 793 2177 867 quam
2204 812 2297 851 eas
2320 794 2641 853 Hiberniae

319 886 554 944 comitia
579 885 1050 961 comprobarunt.
1129 886 1451 963 Nunquam
1490 889 1645 947 enim
1678 898 1811 965 post
1843 889 2109 947 homines
2132 898 2316 959 natos,
2346 891 2637 965 quisunt

315 983 381 1039 in
423 982 671 1059 Reipub.
711 982 968 1058 hospites
1003 990 1064 1040 et
1103 984 1398 1058 peregrini
1438 984 1510 1042 de
1546 986 1725 1043 rebus
1767 986 1895 1061 ejus
1930 986 1995 1043 in
2020 986 2331 1043 consilium
2366 987 2633 1045 adhibiti

318 1087 476 1137 sunt.
555 1080 730 1137 Ratio
770 1098 996 1155 semper
1021 1080 1220 1149 suasit,
1251 1081 1513 1138 omnium
1538 1082 1807 1157 gentium
1833 1093 1894 1141 et
1932 1084 2118 1144 omnis
2158 1084 2446 1159 praeteriti
2471 1093 2625 1143 tem-

319 1178 477 1254 poris
503 1178 864 1236 consuetudo
905 1176 1068 1247 tulit,
1118 1184 1192 1235 ut
1237 1176 1392 1235 cives
1435 1178 1595 1235 intra
1633 1178 1881 1254 Reipub.
1928 1179 2072 1237 fines
2119 1179 2453 1250 constituti,
2497 1200 2625 1238 non

316 1276 668 1351 alienigenae,
699 1294 844 1352 quos
883 1294 1132 1335 oceanus
1169 1278 1266 1335 ab—
1281 1277 1412 1351 ejus
1450 1277 1741 1336 limitibus
1780 1279 2090 1355 disjunxit,
2141 1280 2202 1336 in
2246 1280 2623 1354 negotiorum

316 1374 446 1449 ejus
485 1374 964 1432 deliberationem
1003 1374 1290 1433 venirent.
1368 1375 1577 1433 Veteri
1622 1376 1780 1449 juris
1832 1375 2007 1434 effato
2048 1394 2354 1436 monemur
2402 1382 2443 1411 ‘⁶
2458 1377 2621 1451 quod

316 1491 514 1531 omnes
540 1472 734 1548 tangit
759 1475 833 1532 ab
861 1472 1133 1530 omnibus
1179 1472 1491 1548 approbari
1518 1472 1727 1531 debere
1748 1475 1805 1543 ;”
1845 1476 1921 1531 ab
1962 1474 2239 1532 omnibus
2286 1474 2509 1533 scilicet
2558 1482 2622 1533 et

317 1571 577 1646 ejusdem
603 1590 721 1629 non
759 1571 958 1628 alienae
1000 1570 1248 1646 Reipub.
1331 1571 1675 1641 civitatum,
1721 1591 1973 1647 quarum
2018 1591 2111 1632 res
2152 1574 2494 1649 agebantur,
2522 1574 2620 1631 in-

315 1669 570 1745 digenas,
613 1688 730 1726 non
769 1668 1118 1743 alienigenas
1161 1668 1517 1727 Corinthum
1552 1668 1863 1746 Philippus
1889 1670 2141 1741 MacedO,
2182 1678 2247 1729 et
2272 1670 2620 1734 Alexander

314 1768 568 1843 Magnus
607 1764 981 1825 evocaruntw.
1059 1766 1316 1823 Avertat
1359 1774 1557 1823 autem
1599 1767 1759 1824 Deus
1804 1775 1877 1825 ut
1919 1768 2077 1843 quod
2114 1768 2257 1827 adeo
2314 1787 2349 1825 a
2368 1770 2616 1837 ratione,

315 1864 583 1940 gentium
608 1882 742 1931 usu,
771 1862 1116 1937 Principum
1155 1862 1595 1933 consuetudine,
1623 1864 2033 1940 majorumque
2066 1874 2309 1923 tuorum
2346 1866 2619 1925 authori-

314 1970 438 2019 tate
461 1961 720 2019 alienum
749 1968 856 2029 est,
887 1960 949 2016 id
973 1960 1168 2019 hostes
1193 1959 1258 2017 in
1284 1960 1476 2036 capita
1501 1960 1883 2037 fortunasque
1920 1970 2147 2021 nostras
2192 1964 2389 2021 moliri
2426 1966 2617 2040 patia-

313 2059 426 2129 ris;
467 2068 574 2117 aut
599 2066 746 2133 quot
773 2058 1078 2115 Senatores
1111 2056 1176 2113 in
1202 2056 1426 2131 Angli&
1452 2058 1803 2117 sententiam
1826 2060 1899 2117 de
1924 2060 2215 2135 capitibus
2242 2055 2619 2137 fortunisque

312 2157 528 2214 nostris
553 2156 772 2224 serunt,
803 2162 895 2213 tot
921 2156 1025 2211 nos
1052 2160 1188 2211 tuos
1212 2152 1451 2213 tantum
1476 2164 1537 2215 et
1572 2174 1690 2213 non
1736 2157 2111 2217 subditorum
2150 2158 2417 2219 subditos
2444 2162 2619 2235 quasi

313 2256 573 2331 Regibus
609 2253 890 2312 obnoxios
929 2270 1050 2311 esse
1087 2252 1410 2328 permittas.
1478 2253 1649 2311 Plato
1674 2254 1830 2312 enim
1856 2262 1917 2313 et
1943 2255 2293 2316 Aristoteles
2318 2256 2523 2332 plures
2548 2259 2617 2318 in

313 2356 539 2433 Repub.
561 2356 746 2431 Reges
773 2352 893 2412 esse
917 2352 1191 2422 vetant³⁹3
1229 2370 1350 2411 non
1375 2370 1541 2410 secus
1566 2372 1633 2409 ac
1660 2353 1711 2409 si
1736 2371 1871 2411 cum
1894 2353 2149 2411 Homero
2175 2352 2464 2413 dicerent:

1227 2494 1256 2520 ‘⁴
1275 2494 1382 2562 Rei}
1403 2494 1567 2539 unicus
1588 2494 1734 2540 esto.”

429 2616 730 2678 Inferioris
757 2616 904 2674 aulae
930 2615 993 2671 in
1021 2613 1246 2689 Angli&
1287 2613 1610 2681 Senatores,
1652 2615 1822 2689 genio
1860 2616 2065 2691 populi
2107 2615 2201 2689 cuj
2210 2634 2279 2673 us
2306 2635 2617 2693 personam

308 2718 592 2795 gerebant
616 2713 852 2783 imbuti,
881 2712 1358 2789 gravissimorum
1379 2710 1728 2769 delictorum
1748 2712 1999 2787 gratiam
2024 2732 2058 2769 a
2086 2719 2143 2769 te
2170 2715 2487 2785 consecuti,
2510 2734 2620 2773 nos

307 2816 592 2877 similium
610 2812 943 2880 criminum,
973 2810 1074 2888 (ut
1099 2810 1214 2889 ipsi
1237 2808 1550 2887 asserunt),
1575 2811 1771 2871 affines
1793 2812 1969 2869 simili
1988 2812 2409 2872 condonatione
2434 2815 2614 2873 affici-

308 2916 486 2989 endos
511 2932 634 2973 esse
659 2907 1038 2969 obnixissime
1079 2909 1398 2985 negabant3
1441 2909 1595 2967 servi
1640 2910 1920 2967 nimirum
1966 2910 2095 2987 ejus
2136 2910 2399 2987 vestigiis
2440 2912 2613 2977 insis-

311 3018 560 3083 tentes³⁰,
603 3010 709 3087 qui
756 3010 917 3067 omni
961 3026 1074 3067 oere
1119 3007 1304 3065 alieno
1345 3006 1476 3065 heri
1520 3006 1881 3065 liberalitate
1920 3008 2169 3076 solutus,
2216 3008 2281 3065 in
2328 3010 2469 3067 socii
2517 3012 2615 3067 sui

201 3152 206 3157 -
306 3114 526 3175 collum
549 3109 833 3177 involanS,
863 3106 1098 3183 nomina
1122 3125 1226 3181 per
1247 3104 1386 3173 vim,
1409 3106 1721 3175 cruciatus,
1752 3112 1813 3163 et
1839 3123 2113 3175 carcerae,
2136 3106 2229 3163 illi
2256 3106 2615 3182 extorquere

371 3312 414 3347 ’ὅ
431 3316 484 3363 L.
505 3312 585 3362 ille
615 3326 645 3359 a
675 3324 766 3371 quo
789 3309 812 3369 ξ
837 3305 1164 3367 tempestivum
1202 3304 1250 3349 ff.
1285 3304 1348 3349 ad
1382 3302 1539 3351 Senat.
1578 3304 1765 3353 Consul.
1804 3303 1998 3353 Trebeu.
2081 3304 2123 3339 ²⁷
2140 3303 2262 3352 Stat.
2298 3306 2410 3352 Hib.
2447 3322 2507 3367 p„
2533 3312 2609 3357 67.

305 3380 348 3412 ²⁹
363 3380 537 3429 Justin.
548 3378 630 3425 lib.
653 3376 724 3421 ix.
747 3388 788 3420 c.
807 3376 852 3421 5.
917 3368 1094 3417 ”Plan
1115 3369 1166 3415 in
1188 3366 1326 3415 Polit.
1351 3367 1493 3414 Arist.
1518 3368 1598 3415 lib.
1620 3369 1685 3414 iii.
1708 3367 1798 3428 pol.
1823 3383 1861 3414 c.
1892 3370 1965 3415 15.
2032 3369 2075 3398 ³⁰
2092 3369 2209 3416 Mat.
2234 3370 2370 3417 xviii.

371 3598 395 3633 ε
413 3590 516 3638 The
537 3585 704 3645 King’s
737 3576 1068 3643 proclamation
1107 3572 1291 3639 against
1326 3578 1406 3625 the
1504 3576 1687 3625 articles
1706 3577 1875 3638 liberty
1898 3582 1946 3626 to
1976 3578 2123 3625 reside
2153 3578 2204 3625 in
2238 3579 2367 3627 these
2396 3593 2481 3627 our
2518 3584 2605 3629 do-

306 3676 454 3724 rebels
473 3676 524 3721 in
546 3670 745 3727 Ireland,
769 3667 893 3714 June
919 3668 960 3724 1,
989 3666 1129 3722 1660,
1165 3663 1403 3723 grounded
1503 3662 1716 3733 minione,
1729 3662 1789 3709 'be
1810 3653 2057 3721 prooeeded
2070 3663 2257 3723 against
2271 3678 2325 3710 as
2344 3664 2491 3711 rebels
2513 3668 2610 3713 and

306 3775 368 3809 on
387 3732 468 3807 tiae
481 3755 784 3819 information
806 3752 952 3813 ostie
967 3750 1125 3795 Lords
1146 3750 1246 3795 aad
1265 3748 1402 3794 eom-
1502 3746 1689 3791 traitors
1708 3746 1954 3804 according
1985 3750 2035 3791 to
2066 3744 2170 3791 law.
2237 3744 2348 3791 And
2380 3747 2487 3795 that
2526 3750 2609 3796 the

306 3858 436 3891 mons
457 3838 715 3887 assembled
731 3838 784 3882 in
806 3834 1118 3889 Parliament,
1159 3832 1306 3877 “that
1339 3828 1402 3877 all
1504 3828 1804 3874 adventui-ers
1837 3828 1930 3873 and
1952 3827 2153 3885 soldiem,
2196 3828 2289 3873 and
2328 3830 2460 3875 other
2490 3832 2605 3879 sub-

309 3926 430 3973 Irish
451 3913 622 3979 reheb,
635 3918 788 3966 others
823 3918 937 3963 than
969 3916 1084 3963 such
1115 3929 1165 3961 as
1195 3915 1315 3961 have
1339 3914 1401 3972 by
1498 3912 1617 3969 jects
1636 3908 1687 3955 in
1720 3906 1918 3965 Ireland',
1947 3910 2066 3967 who,
2101 3922 2161 3954 on
2190 3910 2269 3955 the
2294 3910 2395 3959 first
2428 3912 2525 3972 day
2560 3914 2615 3961 of
