2834 4467
362 214 491 281 452
1142 232 1554 277 cAMsnsnms
1586 230 1897 278 svmens:
2322 268 2328 282 .
2367 236 2518 301 [ων.
2545 237 2702 284 vm.

362 386 513 444 filios
532 386 760 455 habuit,
786 386 1113 469 Duachum‚
1134 396 1194 444 et
1207 386 1529 462 Dagadum,
1543 389 1742 444 ambos
1762 388 1978 445 eximia
1990 390 2389 446 membrorum
2405 389 2583 454 mole,
2603 388 2704 443 vi·

364 486 523 543 rium
544 485 899 562 praestantia,
920 486 1283 561 reliquisque
1302 488 1580 561 corporiS,
1605 496 1668 544 et
1695 488 1875 543 animi
1895 488 2153 555 dotibus),
2173 506 2305 563 quae
2321 487 2704 560 majestatem

368 586 589 659 regiam
610 585 880 643 decerent
906 587 1169 660 aequales.
1227 586 1452 661 Degadi
1473 596 1672 643 autem
1693 587 1936 643 minoris
1959 576 2122 655 nata,
2147 596 2402 643 mentem
2421 586 2706 643 molestia

368 680 563 739 nescio
590 701 721 758 quae
741 685 994 751 incessit,
1019 706 1053 740 a
1074 685 1257 741 fratre
1276 692 1514 741 naturae
1531 684 1698 741 donis
1718 684 1960 743 minime
1980 685 2298 760 superiore,
2319 684 2477 740 vinci
2497 693 2703 759 potes-

367 789 507 839 tate.
591 780 707 837 Hic
740 782 1002 839 animum
1046 782 1289 840 induxit
1326 784 1502 842 fratri
1539 784 1763 840 bellum
1797 784 2033 851 inferre,
2079 784 2410 859 soliumque
2437 785 2700 859 regium,

366 887 559 936 amoto
594 880 794 947 fratre,
833 880 937 954 qui
974 879 1097 954 jam
1138 879 1461 937 diademate
1501 882 1661 955 regio
1701 880 1948 937 fulserat
1979 900 2281 956 occupare,
2317 880 2531 938 verum
2559 882 2702 955 ejus

272 976 288 987 “
364 976 721 1035 clandestina
747 976 987 1035 consilia
1006 977 1319 1037 Duachum
1347 998 1466 1035 non
1492 979 1817 1043 latuerunt,
1840 980 1962 1053 qui,
1993 998 2068 1036 ne
2095 979 2396 1037 tumultus
2423 980 2700 1037 excitan-

367 1084 485 1144 tur,
519 1076 825 1152 Degadum
866 1076 939 1133 ad
978 1094 1039 1133 se
1076 1076 1227 1134 fictis
1254 1077 1444 1133 causis
1471 1078 1729 1145 accersit,
1767 1087 1830 1133 et
1855 1096 1930 1134 ex
1957 1077 2274 1153 improviso
2312 1077 2702 1175 compi-eheu:

366 1174 511 1231 dum
538 1173 758 1231 effossis
786 1174 968 1231 oculis
1008 1174 1227 1232 carceri
1259 1174 1512 1231 mandat.
1597 1175 1728 1231 Hoc
1767 1174 1992 1231 facinus
2023 1175 2203 1232 Dalta
2231 1174 2604 1250 Deaghaidh,
2637 1176 2702 1233 id

370 1280 461 1329 est
478 1272 703 1347 Dagadi
723 1273 1135 1329 obcaecatorem
1156 1272 1210 1330 ei
1230 1273 1476 1348 peperit.
1528 1272 1804 1329 Animam
1820 1272 2065 1329 Duacho
2089 1290 2384 1330 successor
2401 1274 2698 1331 extraxit.

373 1372 553 1427 Anno
582 1369 795 1427 Mundi
814 1373 991 1429 5041.
2379 1418 2384 1423 .

268 1490 347 1531 ιιι.
490 1469 793 1527 Fachneus
810 1469 1029 1527 Fatach
1056 1488 1304 1545 regnum
1332 1469 1486 1538 iniit,
1517 1478 1580 1527 et
1605 1470 1907 1527 sexdecem
1933 1488 2115 1527 annos
2141 1469 2206 1525 in
2232 1468 2336 1527 illa
2353 1469 2536 1527 haesit
2563 1470 2702 1545 dig-

370 1568 574 1637 nitate,
604 1568 739 1625 cum
784 1568 1115 1626 Eochodius
1153 1568 1503 1627 Feidhleach
1547 1588 1672 1626 eam
1703 1570 1810 1638 illi,
1855 1578 1918 1626 et
1941 1561 2129 1626 tritam
2155 1569 2426 1645 eriperet.
2512 1570 2702 1627 Anno

374 1666 589 1722 Mundi
614 1668 789 1728 5057.
2091 1676 2118 1707 ⁰

231 1782 353 1823 nm.
480 1762 813 1821 Eochodius
840 1764 1191 1821 Feidhleach
1216 1765 1440 1841 regiam
1467 1776 1676 1823 nactus
1703 1774 2067 1842 potestatem,
2099 1784 2227 1823 eam
2253 1765 2570 1823 duodecem
2597 1786 2698 1823 an-

372 1881 479 1921 nos
514 1862 799 1931 exercuit,
844 1871 1015 1938 parto
1055 1863 1191 1920 inde
1230 1876 1630 1939 cognomentO,
1676 1862 1856 1939 quod,
1895 1866 2120 1931 crebro,
2147 1862 2270 1921 imo
2299 1864 2696 1931 continenter,

374 1962 575 2037 longos
615 1961 871 2037 gemitus
912 1980 989 2017 ex
1026 1961 1145 2019 imo
1170 1970 1405 2037 pectore
1431 1962 1692 2021 duxerit.
1779 1970 1816 1995 ‘⁶
1836 1963 2103 2021 Feiadh’'
2141 1964 2296 2021 enim
2325 1964 2569 2039 perinde
2607 1974 2700 2021 est

369 2078 440 2117 ,ac
480 2065 520 2092 “
539 2059 809 2134 longu8‚”
852 2068 915 2117 et
971 2058 1214 2117 “ecch''
1262 2080 1329 2117 ac
1377 2067 1413 2093 “
1433 2061 1754 2135 gemitu3.”'
1826 2061 2052 2137 Utpote
2087 2062 2344 2118 filiorum
2387 2062 2450 2118 in
2489 2063 2700 2137 praelio

376 2152 938 2220 Druimchriedensi‚
989 2170 1271 2212 caesorum
1318 2152 1633 2208 interitum
1677 2150 1910 2208 assidue
1960 2151 2242 2209 memoria
2284 2152 2562 2221 recolenS,
2611 2154 2698 2209 ita

374 2251 643 2331 suspiriis
682 2252 935 2333 habenas
970 2252 1211 2318 laxavit,
1254 2260 1329 2308 ut
1373 2252 1447 2309 iis
1486 2252 1592 2311 vix
1631 2262 1856 2327 puncto
1899 2253 2194 2327 temporiS,
2239 2251 2312 2308 ad
2351 2260 2696 2309 extremum

374 2369 565 2426 usque
592 2351 869 2427 spiritum
898 2351 1329 2426 temperaverit.
1420 2352 1480 2407 Is
1506 2351 1908 2426 pentat-chiam
1935 2351 1998 2407 in
2027 2350 2318 2407 Hibernia
2345 2350 2576 2426 primus
2603 2352 2695 2407 in-

376 2450 597 2518 stitnit,
626 2458 837 2525 utpote
864 2449 1214 2507 Hiberniam
1240 2449 1504 2523 quinque
1531 2450 1752 2524 partito
1773 2449 2018 2507 divisam
2045 2450 2105 2505 in
2136 2448 2380 2505 totidem
2417 2447 2695 2524 disperti-

378 2557 479 2605 tus
506 2556 598 2605 est
617 2547 1001 2624 principatus,
1082 2548 1177 2605 Ita
1202 2556 1275 2604 ut
1300 2548 1428 2622 ipso
1447 2547 1750 2605 Hiberniae
1772 2549 2060 2605 universae
2079 2546 2414 2615 Monarchs„
2434 2546 2698 2604 Ultoniae

383 2644 765 2703 Conchaurus
794 2646 1083 2705 Fachtnai'
1104 2646 1291 2703 filius:
1320 2646 1592 2721 Lageniae
1622 2647 1906 2703 Carbrius
1927 2646 1984 2703 N
1986 2646 2182 2712 iafear,
2211 2645 2446 2702 duabus
2467 2645 2694 2701 Momo-

377 2745 493 2802 niis
522 2745 777 2802 Curaius
808 2746 954 2801 Dari
988 2745 1166 2813 filine,
1196 2753 1258 2805 et
1282 2745 1617 2802 Eochodius
1645 2745 1899 2803 Luchtai
1936 2745 2122 2801 filius:
2153 2743 2422 2801 Conaciae
2454 2743 2690 2812 onnus,

377 2854 440 2903 et
478 2845 606 2919 ejus
646 2864 801 2902 uxor
839 2844 1089 2902 Meabha
1132 2846 1413 2902 dominati
1455 2846 1694 2903 fuerint.
1777 2845 2108 2903 Eochodius
2127 2844 2486 2901 ,duodecimo
2526 2845 2696 2919 regni

380 2962 531 3001 anno
558 2942 713 3001 diem
740 2942 953 3001 clausit
978 2952 1329 3001 extremum.
1412 2946 1592 3002 Anno
1619 2943 1832 3001 Mundi
1855 2940 2031 3007 5069.

447 3157 464 3189 ⁸
479 3156 606 3204 Now
626 3157 891 3211 Drumcree,
929 3169 1041 3201 near
1062 3154 1415 3215 Gastlepollard,
1439 3156 1488 3201 in
1585 3155 1810 3212 rixarum,
1851 3160 1901 3201 et
1937 3154 2280 3205 contentionum
2317 3153 2690 3213 quotidianarum

381 3244 463 3291 the
482 3248 658 3303 county
678 3243 733 3289 of
747 3242 1053 3289 Westmeath.
1586 3239 1708 3287 inter
1752 3240 1984 3287 Hibernos
2019 3244 2117 3289 tam
2151 3238 2408 3296 saeculares,
2442 3233 2588 3297 quam
2619 3252 2688 3283 re-

447 3335 469 3360 ⁰
492 3328 543 3374 1f
558 3342 627 3375 we
659 3327 835 3375 believe
866 3329 947 3374 the
980 3327 1166 3374 learned
1198 3327 1417 3386 compiler
1443 3328 1498 3374 of
1587 3324 1785 3384 gulares,
1821 3321 1964 3384 quam
2001 3326 2143 3370 etiam
2185 3324 2328 3370 laicos
2366 3328 2414 3369 et
2452 3322 2692 3368 militares:

381 3416 463 3462 the
479 3414 715 3461 Hibernia
734 3413 1003 3471 Dominica,
1017 3412 1255 3460 Eochoidh
1276 3414 1428 3473 ought
1443 3419 1492 3461 to
1587 3426 1643 3458 ac
1679 3424 1772 3456 uno
1793 3411 1936 3457 verbo
1967 3410 2198 3457 malorum
2233 3408 2442 3457 omnium
2477 3407 2532 3453 in
2557 3408 2686 3453 rebus
2787 3460 2789 3462 ¹

384 3501 507 3547 have
540 3500 635 3545 had
658 3499 791 3545 other
820 3510 1009 3545 reasons
1042 3503 1091 3543 to
1113 3510 1252 3556 ποθι),
1286 3496 1486 3557 namely,
1585 3496 1760 3543 nostris
1802 3500 1902 3541 tam
1935 3493 2253 3541 ecclesiasticis
2290 3497 2432 3555 quam
2475 3491 2685 3539 civilibus
2785 3534 2787 3544 ,

381 3584 455 3629 tor
483 3584 565 3629 the
592 3596 715 3629 ποῶ
748 3581 949 3629 entailed
982 3596 1045 3627 on
1082 3582 1163 3627 the
1193 3582 1306 3627 land
1336 3582 1399 3641 by
1425 3582 1488 3627 its
1587 3585 1642 3627 ut
1674 3579 1814 3638 lippis
1839 3585 1888 3625 et
1917 3578 2178 3625 tonsoribus
2203 3583 2368 3625 notum
2390 3576 2682 3625 esst—Isth.

382 3669 583 3715 division
612 3668 713 3714 into
748 3668 840 3713 five
876 3666 1141 3726 provinces:
1182 3668 1212 3693 ‘⁶
1230 3666 1488 3713 Diva-sitas
1589 3664 1730 3713 Dom.
1766 3678 1810 3723 p.
1853 3664 1958 3720 119,
1995 3677 2042 3709 n.
2075 3660 2101 3707 ¹.
2192 3662 2302 3710 And
2346 3661 2518 3722 again:
2564 3662 2684 3721 “Ip-

383 3756 553 3815 quippe
573 3761 772 3814 quatuor
786 3755 1027 3801 nationum
1050 3768 1195 3813 prona
1208 3753 1300 3799 fuit
1319 3754 1379 3799 ab
1400 3766 1486 3797 an·
1587 3757 1732 3795 semet
1766 3749 1864 3795 vidi
1902 3749 2150 3806 crebroque
2191 3746 2350 3793 audivi
2393 3760 2426 3791 a
2459 3746 2682 3795 Reveren-
2779 3772 2781 3790 .

382 3840 515 3898 tiquo
540 3846 589 3885 et
618 3840 873 3885 etiamnum
911 3844 983 3885 est
1008 3838 1263 3885 factionum
1292 3836 1484 3894 occasio,
1587 3834 1776 3879 dissimo
1798 3832 2026 3891 Magistro
2049 3830 2237 3879 Ordinis
2253 3830 2306 3875 P.
2325 3830 2506 3877 Thema
2521 3830 2682 3889 Ripoll,
2777 3848 2779 3874 ι

385 3928 525 3981 atque
544 3922 682 3967 unica
700 3927 749 3968 et
770 3922 970 3980 pessima
982 3922 1123 3969 radix
1136 3921 1483 3977 discordiarum,
1587 3919 1776 3978 ejusque
1797 3918 1928 3965 sociis
1944 3944 2086 3961 ----.
2145 3914 2320 3975 Anglia
2340 3919 2453 3961 sane
2475 3929 2560 3963 sua
2579 3916 2682 3963 olim
2775 3900 2777 3956 l
