2834 4467
326 189 449 254 108
700 212 706 217 ·
877 248 885 253 .
1013 182 1028 189 ’
1101 206 1507 256 οΔΜΒιιΕΗειε
1538 208 1845 256 nveasus,
2413 210 2567 275 [CAP-
2596 213 2637 261 1.

319 370 439 421 tem
485 362 664 421 solem
709 380 934 438 semper
977 362 1266 432 intuetur,
1306 363 1695 438 omnibusque
1737 362 1901 419 horis
1940 376 2077 419 cum
2120 378 2187 422 eo
2229 362 2507 432 vertitur,
2538 364 2639 423 vel

319 461 527 517 nubilo
572 460 998 518 obumbrante:
1041 460 1124 519 sic
1169 468 1396 519 naturae
1440 462 1693 537 quodam
1734 462 1962 538 impetu
2004 461 2255 521 ferimur
2300 482 2519 534 omnes,
2561 473 2637 523 ut

320 559 479 617 omni
503 560 763 618 caritatis
790 560 1166 617 inclinatione
1191 578 1354 617 mens
1378 568 1581 617 nostra
1605 560 1668 647 in
1695 560 1947 636 patriam
1972 560 2345 637 propendeat.
2428 562 2633 637 Siqui-

319 658 452 715 dem
488 658 596 715 soli
631 659 1011 735 cogitationes
1037 678 1236 717 omnes
1260 660 1324 717 in
1353 658 1423 717 ea
1456 659 1783 735 defigimu8‚
1812 654 1964 717 etin
1996 658 2303 717 hominum
2339 662 2635 725 consortio

319 755 634 816 constituti
659 756 730 815 de
753 756 858 813 illa
879 776 1216 828 sermonem,
1246 758 1649 827 instituimus3
1676 776 1783 815 nec
1808 775 2119 834 possumus
2144 759 2223 817 ab
2248 756 2331 827 ea,
2364 761 2635 833 quamvis

321 874 714 914 aerumnarum
741 857 902 915 nube
927 854 1176 925 obtecta,
1207 856 1585 931 cogitationes
1612 865 1890 915 avertere.
1936 862 1973 889 “
1996 856 2404 927 Charisuntst
2430 860 2635 935 inquit

323 955 542 1024 cicere,
575 961 611 987 “
633 963 922 1030 parentes,
951 954 1114 1011 chari
1138 954 1330 1023 liberi,
1379 954 1713 1031 propinqui,
1742 955 2055 1013 familiares
2078 977 2097 1023 3
2140 956 2241 1013 sed
2268 974 2467 1015 omnes
2510 976 2635 1015 om-

319 1053 488 1115 nium
515 1051 828 1111 charitates
853 1054 1044 1129 patria
1069 1071 1188 1111 una
1207 1054 1511 1129 complexa
1530 1056 1675 1113 est.”
1718 1055 1761 1111 J
1762 1056 2015 1113 ubemur
2036 1055 2261 1113 summa
2284 1056 2507 1131 pietate
2532 1076 2635 1133 pa·-

321 1162 532 1222 rentes,
561 1172 756 1209 amore
779 1152 1007 1220 fratres,
1041 1162 1101 1211 et
1127 1170 1368 1223 sorores,
1389 1153 1676 1212 charitate
1702 1154 2002 1229 conjugem
2026 1154 2225 1211 studio
2251 1154 2631 1231 propinquos,

321 1252 493 1311 cultu
517 1250 732 1309 amicos
756 1251 1087 1327 prosequi¹⁶.
1171 1252 1314 1309 Haec
1341 1262 1541 1311 autem
1574 1252 1761 1311 officia
1796 1252 2095 1311 cumulate
2122 1254 2567 1329 praestabimua'
2582 1256 2637 1313 si

322 1370 450 1426 quae
475 1348 800 1427 ”possumus
825 1350 1105 1409 beneficia
1129 1350 1192 1427 in
1219 1368 1397 1407 unam
1432 1352 1684 1427 patriam
1720 1370 2119 1428 congeramus,
2202 1353 2299 1411 Ex
2333 1351 2429 1410 his
2466 1353 2626 1411 enim

321 1460 598 1526 tanquam
625 1451 878 1508 artubus
902 1446 1108 1525 patriae
1135 1468 1346 1526 corpus
1373 1450 1677 1520 conflatur,
1708 1470 1775 1509 ac
1801 1452 1886 1509 ita
1911 1451 2259 1509 beneficium
2287 1452 2493 1527 patriae
2510 1453 2629 1509 -im-

319 1568 566 1625 pensum
593 1540 666 1605 ad
691 1549 952 1624 singulos
976 1548 1347 1607 redundabit.
1429 1549 1637 1627 Itaque
1673 1551 1757 1615 de,
1788 1550 1911 1609 sola
1947 1550 2145 1628 patria
2178 1551 2331 1611 bene
2358 1554 2630 1622 meritus,

319 1648 500 1724 pium,
513 1667 650 1723 erga
667 1655 954 1723 parenteS,
971 1649 1225 1705 fratrum
1251 1656 1585 1729 amatorem,
1608 1651 1881 1727 conjugis
1900 1652 2247 1719 studiosum,
2270 1653 2631 1727 propinquo—

318 1765 458 1806 rum
481 1746 786 1815 cultorem,
815 1753 876 1803 et
901 1746 966 1803 in
991 1747 1203 1805 amicos
1229 1748 1576 1807 benevolum
1605 1766 1665 1805 se
1690 1748 1991 1823 praebebit.
2072 1748 2167 1805 Ita
2192 1756 2265 1807 ut
2293 1750 2399 1824 qui
2424 1750 2660 1823 patrie·

318 1845 384 1903 in
409 1845 722 1903 discrimen
744 1845 1011 1903 adductae
1039 1847 1351 1905 subvenire
1377 1862 1485 1921 pro
1510 1844 1742 1902 viribus
1768 1861 1885 1900 non
1914 1844 2231 1923 contendit,
2262 1864 2399 1903 eum
2424 1847 2635 1923 impie-

214 1942 297 2007 [5]
321 1943 458 2001 tatis
479 1942 542 1999 in
559 1952 844 2033 parentes,
871 1940 882 2021 Ι
901 1943 1158 2024 perfidiae
1173 1943 1240 1999 in
1257 1942 1495 2011 fratres,
1504 1949 1565 1999 et
1583 1940 1949 2017 reliquorum
1969 1943 2425 2001 necessariorum
2442 1946 2635 2002 rninoe
2724 2008 2741 2022 .

319 2061 488 2101 reum
515 2061 578 2099 ae
599 2060 908 2120 agnoscere
931 2049 1218 2118 oporteat.
2120 2094 2126 2099 ,

439 2142 668 2199 Ferunt
691 2142 902 2216 aquilae
928 2140 1138 2198 nidum
1163 2141 1420 2199 struenti
1444 2136 1586 2199 alias
1613 2160 1745 2199 aves
1769 2125 1939 2217 opem
1960 2140 2131 2209 ferre.
2176 2148 2237 2197 et
2260 2140 2413 2197 hanc
2440 2140 2635 2199 odori-

205 2304 211 2313 ,
315 2241 438 2299 fera
463 2240 640 2315 ligna,
671 2239 832 2297 illam
854 2239 1010 2297 lauri
1037 2239 1284 2309 frondes,
1329 2258 1513 2297 unam
1542 2240 1676 2316 -pini
1710 2258 1916 2307 ramos,
1956 2238 2149 2297 aliam
2158 2238 2361 2299 molles
2401 2238 2636 2314 plumas

314 2339 454 2402 nido
481 2328 816 2399 fabricando
833 2338 1314 2396 subministrare:
1345 2338 1595 2414 singulis
1611 2356 1717 2415 pro
1738 2335 1845 2395 sua
1866 2336 2143 2393 facultate
2170 2336 2437 2393 studium
2456 2354 2637 2395 suum

317 2446 378 2495 et
405 2438 749 2527 obsequium
775 2437 974 2495 avium
999 2435 1252 2513 principi
1275 2436 1480 2495 testari
1500 2416 1953 2494 connitentibua
1994 2435 2391 2493 Animalculis
2410 2436 2638 2495 scilicet

317 2535 448 2594 istis
475 2555 578 2593 nos
614 2536 1084 2605 informantibu8‚
1123 2544 1195 2591 ut
1233 2534 1451 2606 dotem,
1490 2533 1609 2611 qua
1650 2552 1943 2610 quemque
1976 2542 2245 2593 nostrum
2284 2534 2379 2593 vel
2417 2543 2639 2594 natura

319 2633 540 2692 imbuit
563 2634 658 2691 vel
683 2633 978 2691 industria
1003 2632 1285 2701 excoluit,
1313 2634 1388 2689 ad
1413 2632 1617 2709 patriae
1636 2632 1954 2690 laborantis
1974 2632 2420 2708 opitulationem
2441 2634 2635 2691 confe-

322 2750 550 2800 ramu83
570 2738 654 2795 ,et
681 2739 754 2788 ut
772 2730 871 2789 hic
905 2750 1100 2800 manu,
1124 2731 1225 2789 ille
1263 2731 1521 2801 consino,
1552 2751 1709 2789 unus
1738 2730 2139 2800 consolatione,
2170 2727 2323 2787 alius
2358 2733 2635 2807 precibus
2668 2760 2686 2773 2

325 2830 398 2889 ad
425 2830 617 2887 Deum
645 2829 808 2899 fusis,
847 2848 973 2890 eam
995 2831 1068 2887 ab
1095 2830 1344 2888 interitu
1369 2849 1642 2889 revocare
1664 2831 1915 2888 nitatur.
1998 2836 2035 2863 ‘⁴
2051 2830 2110 2887 N
2110 2849 2175 2887 ec
2218 2848 2344 2911 eam
2354 2832 2393 2861 ’'
2420 2830 2524 2907 (ut
2548 2832 2637 2888 ait

329 2926 557 2999 Cicero)
601 2933 639 2960 ‘⁶
659 2928 900 3003 diligere
919 2917 1136 2993 'minus
1175 2927 1453 2987 debemus
1494 2928 1659 3005 quod
1694 2929 2126 2987 calamitatibus
2168 2928 2483 2987 deformior
2524 2939 2631 2998 est,
2731 2948 2741 2953 ·

327 3027 428 3086 sed
461 3027 723 3085 misereri
749 3026 1045 3103 potiuswss’
1125 3028 1247 3085 Ista
1271 3046 1502 3085 mecum
1528 3029 1721 3085 animo
1744 3029 1985 3086 volvens
2012 3048 2149 3085 cum
2176 3028 2634 3086 convitiatorum

327 3128 530 3203 patriae
567 3145 714 3184 meae
741 3125 892 3184 duce
921 3134 982 3183 et
1017 3120 1392 3202 antesignano
1430 3127 1495 3183 in
1534 3134 1826 3187 certamen
1855 3126 2197 3185 descendere
2237 3126 2541 3195 constitui,
2570 3134 2635 3184 et

329 3225 380 3285 ai
414 3244 532 3283 non
571 3226 848 3294 oratione,
889 3226 1094 3283 saltem
1133 3226 1392 3302 oratione
1417 3232 1695 3293 armatae,
1738 3226 2163 3303 calumniarum
2202 3225 2377 3294 ictus,
2411 3225 2633 3299 quibus

329 3342 454 3381 eam
480 3324 750 3383 ferociter
776 3322 1145 3399 proscindere
1171 3330 1373 3391 certat,
1403 3305 1685 3381 amovere.
1765 3323 1943 3380 Alius
1970 3323 2147 3380 etiam
2176 3332 2459 3399 praeterea
2475 3323 2633 3380 -mihi

935 3502 975 3537 ¹⁶
988 3506 1146 3553 Primo
1167 3507 1282 3553 offic.
1354 3508 1390 3541 ¹⁷
1413 3506 1539 3566 Epis.
1564 3506 1672 3553 fam.
1697 3506 1777 3553 lib.
1799 3506 1863 3553 iv.
1882 3520 1953 3567 ep.
1976 3507 2019 3553 9.

391 3646 418 3686 Ι(
437 3652 550 3700 'rbis
569 3651 821 3711 complaint
841 3650 884 3697 is
899 3646 1148 3709 expreaaeii
1179 3653 1261 3695 not
1287 3648 1429 3719 inele-
1531 3650 1753 3702 Laureate
1766 3655 1816 3697 to
1832 3652 1913 3698 the
1926 3650 2152 3711 Emperor
2158 3651 2211 3699 of
2222 3651 2473 3713 Ger-many,
2490 3655 2639 3701 1703:

327 3738 494 3799 gantly
506 3738 572 3797 by
591 3736 883 3785 six-william
897 3732 1102 3794 O’Kelly
1113 3734 1168 3780 of
1181 3733 1427 3793 Aughrim‚
1598 3735 1625 3759 ‘⁴
1642 3734 1699 3779 In
1720 3734 1891 3781 somnia
1910 3748 1987 3781 ma
2007 3748 2154 3793 nuper
2176 3734 2405 3789 Hibernia
2424 3741 2567 3781 noctu

329 3822 562 3869 Professor
582 3822 635 3867 of
651 3820 886 3880 Heraldry
907 3820 958 3865 in
980 3820 1060 3865 the
1075 3818 1260 3877 Collega
1281 3817 1333 3863 of
1353 3818 1432 3863 the
1531 3818 1775 3864 Defioratae
1790 3818 1937 3865 instar
1945 3819 2058 3865 Deae
2071 3799 2384 3878 viffiiniaora,
2397 3832 2635 3879 genasque

327 3906 375 3954 N
375 3906 728 3964 obles„Vienna,
756 3904 893 3952 Aulic
911 3902 1180 3954 Counsellor
1200 3902 1291 3949 and
1314 3900 1430 3949 Poet
1531 3901 1684 3960 Foeda,
1706 3902 1810 3949 sinu
1829 3902 1991 3961 lacero,
2008 3902 2179 3962 sparsis
2193 3903 2290 3950 sine
2305 3902 2405 3963 lege
2432 3902 2631 3963 capillis,
