2834 4467
304 193 426 256 292
918 264 921 267 ,
1077 206 1485 254 οΑΜΒιῑΕΝεῙε
1515 206 1822 251 Evsnsus.
2344 201 2493 271 [cir.
2522 206 2611 253 1v.

301 364 482 422 situm
497 365 776 433 locorum,
804 382 949 439 quos
969 382 1272 439 nunquam
1291 363 1478 420 oculis
1498 359 1703 429 obivit,
1726 358 2017 437 quomodo
2035 368 2140 416 aut
2158 359 2419 417 oratione
2438 373 2610 416 accu-

301 463 428 523 rate
455 465 778 541 complecti,
801 473 906 522 aut
932 464 1139 522 lectori
1163 465 1240 520 ob
1265 462 1465 520 oculos
1489 459 1770 519 concinne
1798 478 2011 536 ponere
2036 456 2276 534 potuit?
2304 459 2377 515 de
2402 458 2611 517 oaeters

300 564 664 639 supellectile
675 582 850 638 quam
872 562 945 619 ad
963 543 1267 619 historiam
1294 578 1458 617 suam
1478 558 1828 617 struendam
1846 557 2189 627 cumulavit,
2218 558 2609 633 opportunior

299 662 416 719 erit
448 662 604 718 infra
644 662 874 720 dicendi
913 661 1093 719 locus.
1189 660 1256 717 Id
1298 656 1475 716 modo
1514 658 1803 714 affirmare
1842 674 1959 713 non
1994 656 2205 713 dubito
2246 656 2611 713 rumusculis

298 760 472 818 illum
497 759 670 819 unice
695 760 980 828 inhiasse3
1027 779 1092 816 ac
1127 758 1372 835 proinde
1403 758 1677 813 historias
1704 756 1833 831 ejus
1859 753 2277 830 explodendam
2326 755 2461 813 cum
2490 756 2605 811 Bo-

299 858 474 917 dinus
499 860 684 916 dicat:
725 878 927 917 eorum
973 858 1335 915 narrationes
1371 856 1566 913 minus
1601 874 1723 912 esse
1756 853 2085 930 probandas
2126 855 2227 929 qui
2268 853 2417 909 nihil
2440 854 2605 910 aliud

160 948 278 1015 [32]
299 957 522 1015 habent
547 956 724 1032 quam
765 955 774 1035 Ι
819 956 976 1031 quod
1001 958 1076 1013 ab
1102 956 1228 1013 aliis
1268 955 1646 1013 audierunt.”
1728 956 1809 1011 Et
1838 952 2125 1009 Melchior
2153 954 2376 1009 Canus:
2424 959 2462 984 “
2482 953 2603 1009 Ho-

299 1058 484 1115 mines
509 1074 716 1133 graves
757 1064 934 1130 atque
969 1074 1195 1113 severos
1230 1074 1346 1111 non
1385 1054 1569 1111 solere
1600 1053 1831 1109 inanem
1858 1051 2026 1128 vulgi
2066 1070 2387 1109 sermonem
2424 1070 2603 1109 aucu-

297 1156 484 1233 pari.’'

421 1250 596 1323 Quod
634 1256 684 1312 si
718 1256 1013 1331 peregrini
1045 1254 1317 1321 conditio,
1346 1262 1453 1311 aut
1482 1252 1812 1310 Hibernicae
1853 1252 2069 1327 linguae
2094 1250 2327 1307 inscitia
2352 1270 2469 1307 non
2496 1250 2606 1307 im—

299 1356 495 1431 pediat
521 1355 834 1430 quominus
854 1354 1010 1429 justi
1025 1354 1295 1411 historici
1313 1354 1563 1410 titulum
1589 1352 1867 1409 Giraldus
1887 1351 2129 1408 referat:
2164 1350 2227 1407 id
2246 1350 2449 1407 saltem
2469 1368 2607 1407 eum

298 1454 712 1513 historicorum
739 1454 874 1511 albo
899 1454 1048 1511 citra
1068 1452 1518 1511 controversiam
1539 1459 1858 1526 expunget,
1881 1448 2045 1525 quod
2063 1450 2393 1521 Hibernicae
2412 1449 2609 1525 gentis

299 1552 484 1611 hostis
509 1553 922 1613 infestissimus
948 1553 1082 1610 suit.
1164 1553 1400 1627 Negant
1426 1552 1579 1609 enim
1607 1550 1884 1608 authores
1908 1550 2119 1626 optimi
2142 1549 2395 1606 fidorum
2422 1550 2607 1625 scrip-

299 1662 501 1711 torum
538 1654 708 1710 classi
745 1672 880 1709 eum
917 1650 1342 1719 ascribendum,
1382 1651 1489 1725 qui
1524 1650 1708 1725 genti,
1753 1650 1927 1724 cujus
1960 1669 2053 1707 res
2094 1650 2166 1707 ad
2204 1650 2609 1725 posteritatem

303 1752 524 1826 scripto
549 1749 893 1817 transmisit,
939 1747 1125 1805 hostis
1159 1766 1282 1805 esse
1317 1748 1716 1822 dignoscitur:
1762 1754 1800 1779 “
1820 1748 2018 1815 Quum
2054 1748 2211 1805 enim
2238 1748 2311 1805 de
2335 1747 2607 1806 hostibus

300 1851 736 1928 vituperatione
760 1850 937 1925 digna
970 1850 1272 1925 leguntur,
1314 1848 1637 1906 cohibenda
1662 1858 1752 1907 est
1778 1850 2088 1919 assensi0,”
2115 1850 2312 1925 inquit
2338 1850 2607 1907 Bodinus

303 1951 408 2026 qui
433 1957 650 2019 monet,
694 1956 732 1981 “
753 1948 1073 2007 cavendum
1109 1949 1398 2024 imprimis
1436 1968 1575 2018 esse,
1614 1968 1688 2006 ne
1713 1949 1987 2024 scriptori
2012 1948 2085 2005 de
2111 1969 2171 2006 se
2198 1950 2437 2025 suisque
2463 1952 2605 2009 civi·

253 2028 260 2039 ⁸
301 2050 432 2119 bus„
478 2058 539 2107 et
573 2048 770 2105 amicis
797 2068 926 2124 quae
961 2048 1279 2105 laudabilia
1312 2055 1472 2117 sunt,
1512 2055 1618 2105 aut
1656 2047 1726 2104 de
1763 2047 2031 2105 hostibus
2056 2048 2267 2124 'turpia
2302 2050 2602 2119 scribenti,

301 2148 471 2208 facile
498 2150 897 2206 assentiamur.
955 2148 1176 2205 Contra
1200 2145 1343 2205 vero
1371 2145 1611 2204 minime
1640 2146 1880 2204 dubiam
1906 2146 2079 2204 fidem
2100 2166 2301 2204 eorum
2328 2166 2453 2205 esse
2476 2168 2605 2224 quae

301 2248 374 2305 de
417 2246 690 2305 hostibus
733 2244 1112 2303 laudabiliter
1157 2252 1218 2302 et
1259 2243 1509 2319 gloriose
1555 2252 1717 2319 gesta
1761 2244 2205 2302 confitemur¹³.”
2302 2246 2491 2314 Quam
2530 2248 2606 2303 ob

301 2366 532 2403 causam
565 2345 853 2423 Polybius
897 2343 1070 2400 homo
1115 2344 1354 2401 Graecus
1400 2342 1549 2419 saepe
1594 2343 1881 2401 mendacii
1925 2344 2194 2419 coarguit
2236 2344 2501 2414 Fabium,
2544 2354 2607 2402 et

301 2444 643 2511 minimum,
685 2441 850 2518 quod
883 2442 1032 2500 alter
1060 2443 1371 2509 RomanuS,
1401 2442 1552 2499 alter
1578 2441 2076 2518 Carthaginiensis
2102 2443 2176 2500 de
2201 2444 2355 2501 bello
2380 2444 2607 2503 Punico

297 2541 386 2597 ita
421 2543 797 2617 scripserunt,
841 2550 913 2599 ut
946 2540 1048 2597 ille
1072 2540 1351 2616 praeclara
1376 2541 1570 2598 omnia
1594 2541 1667 2598 de
1693 2540 1996 2610 Romanis3
2041 2542 2113 2599 de
2139 2542 2334 2599 Poenis
2370 2544 2604 2603 contrat

302 2638 594 2695 Philimus
632 2639 840 2695 Poenos
885 2639 1080 2695 omnia
1121 2638 1502 2696 laudabiliter
1537 2658 1602 2696 ac
1645 2640 1881 2696 fortiter
1906 2639 1934 2716 (
1946 2640 2027 2696 sic
2074 2641 2229 2697 enim
2263 2640 2602 2718 Polybius),

302 2739 590 2796 Romanos
627 2740 886 2815 turpiter
911 2747 972 2797 et
1011 2739 1304 2815 ignaviter
1328 2741 1543 2815 gessise
1581 2740 1793 2797 diceus.
1872 2739 2025 2796 Nam
2060 2748 2314 2816 uterque
2350 2741 2425 2797 ad
2464 2742 2605 2798 scri·

300 2837 560 2895 bendum
585 2837 670 2894 ita
697 2857 757 2895 se
782 2837 1139 2913 comparavit
1155 2845 1227 2894 ut
1253 2846 1528 2907 oratores,
1554 2838 1659 2913 qui
1683 2838 1794 2896 hoc
1819 2838 2107 2914 imprimis
2128 2848 2349 2908 cavent,
2369 2859 2446 2897 ne
2462 2839 2609 2916 quid

286 2944 506 2993 contra
525 2935 738 3011 seipsos
765 2934 967 2991 dicant
987 2942 1092 2991 aut
1119 2936 1391 2993 sentiant.
1452 2936 1566 2993 Sed
1586 2936 1715 2993 fieri
1734 2936 1901 2993 nullo
1925 2936 2099 2993 modo
2118 2944 2326 3012 potest,
2351 2944 2425 2993 ut
2450 2936 2605 2995 idem

301 3035 456 3092 boni'
481 3034 729 3091 oratoris
771 3043 832 3095 et
865 3033 1135 3091 historici
1175 3043 1372 3110 partes
1409 3042 1559 3110 agat.
1642 3032 1774 3091 Imo
1816 3035 1930 3112 ipsi
1958 3035 2203 3092 Romani
2240 3036 2305 3091 in
2342 3035 2603 3093 hostium

301 3133 450 3191 vitia
475 3132 715 3200 creduli,
741 3133 802 3188 in
829 3151 948 3189 non
972 3132 1191 3208 paucis,
1221 3118 1396 3191 etiam
1424 3132 1647 3209 ingenii
1672 3134 1767 3191 sui
1792 3133 2070 3210 figmento
2094 3134 2306 3209 injurii
2329 3136 2603 3193 fuerunt':

303 3240 365 3289 et
405 3250 523 3289 non
559 3229 751 3288 solum
788 3249 880 3287 res
920 3250 1122 3288 eorum
1163 3240 1354 3307 gestas
1389 3232 1647 3308 turpiter
1672 3233 2014 3302 omiserunt,
2054 3234 2155 3290 sed
2178 3234 2405 3291 eosdem
2430 3236 2606 3293 etiam

304 3330 487 3387 atroci
495 3330 809 3387 verborum
828 3328 1183 3386 contumelia
1199 3328 1516 3399 notarunt3
1539 3348 1777 3387 suarum
1790 3328 1933 3388 verb
1952 3329 2195 3387 laudum
2209 3350 2501 3407 praecones
2516 3350 2607 3390 ac-

1290 3472 1330 3504 13
1354 3470 1449 3517 Ubi
1469 3454 1631 3529 supra-⁸

379 3582 402 3608 Φ
441 3575 662 3625 Giraldus
699 3574 965 3634 repeatedly
1002 3578 1170 3620 assei-ts
1208 3573 1314 3619 that
1349 3575 1408 3620 he
1507 3588 1647 3634 quam
1682 3552 1899 3634 plurium·
1917 3588 1999 3635 per
2036 3553 2307 3636 diligentem
2344 3580 2393 3623 et
2432 3580 2608 3623 certam

289 3663 506 3722 --adopted
546 3674 608 3707 no
651 3664 902 3707 statement
943 3672 1005 3705 on
1051 3658 1172 3705 Irish
1216 3664 1410 3705 matters
1506 3658 1853 3718 indagationem
1874 3670 1905 3705 a
1923 3659 2109 3720 magnis
2137 3663 2269 3707 terro
2298 3658 2427 3707 illius
2454 3664 2501 3707 et
2520 3672 2608 3706 au-

305 3746 506 3793 without
523 3745 648 3804 good
663 3744 923 3804 authority.
981 3738 1124 3799 Thus,
1148 3741 1199 3787 in
1218 3742 1293 3789 his
1315 3742 1408 3789 Re·
1508 3742 1723 3789 theuticis
1751 3742 1865 3789 viris
1896 3744 2112 3791 notitiam
2143 3742 2607 3791 alimimua’‘-An·

305 3832 592 3889 motatione,
635 3828 808 3888 “hoc‚’'
849 3830 908 3875 he
952 3842 1074 3889 says,
1116 3830 1244 3888 “pro
1285 3833 1410 3875 certo
1503 3826 1605 3887 qlia
1630 3826 1795 3883 Sacra,
1820 3824 1913 3871 vol.
1936 3826 1985 3873 ii.
2005 3840 2049 3885 p.
2072 3828 2184 3874 455.
2472 3808 2483 3821 ’

306 3916 555 3973 sciendum,
601 3915 726 3974 quod
771 3915 1073 3974 quorundam,
1121 3914 1326 3974 quinimo
1361 3918 1410 3959 et
1578 3908 1595 3942 f
1609 3911 1725 3959 This
1742 3916 2005 3971 argument,
2037 3912 2079 3959 it
2094 3911 2241 3971 urged
2269 3914 2320 3957 to
2352 3910 2415 3957 its
2438 3909 2609 3971 logical
