2834 4467
354 168 481 235 388
1128 188 1542 235 csnnsusrs
1571 190 1882 259 svmens.
2369 192 2523 257 [cu.
2548 194 2668 276 un.

347 340 497 399 biles
522 340 817 399 molestias
844 360 1073 399 summo
1098 342 1279 403 animi
1304 344 1518 401 robore
1541 342 1924 401 devoransffie’
1979 341 2040 399 A
2069 342 2282 400 Lacaeis
2307 342 2526 403 deinde
2545 346 2672 420 agi-

346 448 529 507 tatus,
558 438 837 513 omnique
860 438 1085 497 ditione
1112 441 1347 499 tandem
1362 448 1600 509 exutus,
1629 440 1873 517 peregre
1899 441 2243 499 amandatus
2264 450 2372 499 est.
2431 450 2470 476 ‘⁶
2489 433 2674 499 Unde

346 556 481 597 cum
508 546 749 595 centum
774 538 1025 595 navibus
1045 538 1105 595 in
1128 539 1434 597 Ultoniam
1453 540 1770 615 ingressus,
1793 540 1856 597 in
1873 548 2052 615 portu
2072 540 2177 615 qui
2192 549 2437 598 vocatur
2455 542 2670 599 Stran-

345 636 493 706 ford,
528 637 786 713 segniter
820 636 1049 695 obsedit
1088 638 1393 695 castellum
1435 638 1508 695 de
1545 638 1718 707 Rath,
1749 638 1848 695 sed
1876 639 2176 697 Walterus
2211 640 2284 697 de
2309 640 2523 717 Lacey‚
2573 660 2671 697 su-

344 736 690 813 perveniens
716 755 851 793 cum
878 737 1159 805 exercitu,
1202 756 1341 795 eum
1366 738 1616 814 fugavit.
1697 736 1924 795 Dehinc
1947 739 2223 797 Curcaeus
2250 747 2469 797 terram
2499 760 2670 799 suam

344 854 647 911 nunquam
674 836 1139 911 recuperavitaess'

206 932 323 998 [⁵2]
464 932 474 1011 Ι
510 935 569 991 N
568 954 633 992 ec
666 934 759 993 illi
785 935 1093 1010 populares
1122 935 1367 1004 Giraldi‚
1398 955 1505 993 nec
1531 936 1748 1011 reliqui
1772 935 1992 993 haeroes
2021 936 2262 993 Giraldo
2297 936 2668 995 commenda·

344 1033 559 1091 tissimi
584 1042 705 1091 tam
731 1034 909 1091 rebus
936 1031 1211 1109 praeclare
1238 1034 1438 1109 gestis,
1467 1035 1648 1109 quam
1673 1034 1999 1102 latrocini0,
2027 1043 2088 1093 et
2116 1036 2420 1111 impietate
2443 1055 2667 1093 memo-

342 1131 557 1189 rabiles
582 1140 769 1200 erant,
798 1132 903 1205 qui
928 1131 1117 1188 obviis
1144 1131 1480 1206 quibusque
1518 1151 1624 1207 per
1649 1132 1788 1199 vim,
1819 1140 1880 1189 et
1905 1152 2191 1189 summam
2220 1134 2532 1207 injuriam,
2563 1153 2668 1191 sua

342 1228 741 1305 diripuerunt,
772 1237 834 1287 et
856 1229 919 1285 in
948 1228 1219 1285 Ecclesiae
1244 1230 1397 1285 bona
1416 1228 1656 1289 sceleste
1681 1229 2046 1287 involarunt.
2129 1237 2166 1262 “
2189 1230 2322 1287 Non
2351 1232 2516 1287 enim
2537 1240 2666 1289 tan·

342 1326 477 1385 tum
504 1328 832 1403 Lageniam,
864 1326 965 1385 sed
990 1335 1053 1385 et
1078 1328 1191 1383 alia
1216 1323 1482 1401 quaedam
1509 1346 1614 1385 nec
1635 1329 1872 1397 comiti,
1895 1348 2002 1387 nec
2019 1330 2198 1386 uxori
2225 1348 2344 1387 suae
2371 1330 2506 1386 ullo
2525 1331 2670 1404 jure

339 1427 733 1501 competentia
770 1426 1211 1485 invaseruntffle’
1294 1427 1377 1483 Et
1417 1426 1806 1502 stephanides
1845 1434 1883 1459 “
1906 1428 2252 1485 Hiberniam
2291 1428 2444 1484 citra
2485 1429 2669 1503 Regis

344 1525 592 1583 Hem-ici
616 1544 913 1583 assensum
938 1525 1202 1593 intravit,
1233 1525 1482 1600 aliisque
1507 1527 1868 1602 malignandi
1891 1527 2244 1585 occasionem
2281 1528 2590 1601 praebuit⁴¹
2607 1530 2666 1583 :”

342 1628 415 1679 ut
440 1623 685 1698 proinde
710 1623 887 1699 Regis
925 1622 1299 1681 offensionem
1324 1625 1702 1699 promeritae,
1729 1625 1984 1681 vinculis
2011 1634 2072 1683 et
2107 1644 2338 1682 carcere
2365 1624 2478 1681 diu
2509 1625 2668 1681 mul-

342 1728 505 1777 tatus
550 1720 750 1777 fuerit.
834 1721 953 1788 Qui
990 1721 1207 1778 Comiti
1246 1721 1496 1794 junctus
1539 1722 1922 1790 Dermicium,
1977 1724 2132 1781 “ille
2173 1722 2502 1791 fidelitatis,
2557 1724 2670 1781 iste

341 1818 475 1875 filiae
512 1818 753 1885 ratione,
777 1816 943 1891 juste
969 1818 1367 1885 restituentes,
1398 1818 1658 1891 ejusdem
1687 1819 1827 1893 jure
1853 1818 2106 1888 suffulti,
2136 1840 2171 1876 a
2196 1820 2548 1895 praedonugn
2577 1822 2668 1877 in·

333 1918 499 1992 juria
526 1918 717 1993 quoad
744 1918 1057 1993 Lageniam
1096 1916 1267 1993 longe
1294 1918 1512 1975 distare
1537 1926 1882 1976 noscuntur.
1966 1919 2171 1987 Quoad
2199 1919 2667 1977 Waterfordiam

342 2017 505 2087 vero,
536 2028 596 2076 et
622 2027 740 2075 tam
770 2017 1159 2085 Desmoniam,
1203 2017 1383 2092 quam
1410 2018 1588 2074 etiam
1615 2018 1814 2075 Midiae
1839 2026 2036 2095 partes
2062 2019 2382 2075 insolenter
2409 2037 2668 2095 occupa-

343 2126 451 2186 tas,
478 2113 763 2175 Comitem
791 2136 907 2173 non
936 2116 1248 2174 excuso⁴².”
1322 2116 1513 2190 Cujus
1539 2117 1830 2175 consortio
1855 2116 1992 2173 cum
2014 2115 2400 2191 Stephanides
2427 2116 2494 2172 in
2515 2118 2666 2175 Des-

343 2217 541 2278 monia
583 2216 1065 2293 populationibus
1105 2215 1470 2291 peragranda
1503 2235 1622 2272 non
1658 2217 2029 2284 abstinuerit,
2073 2215 2361 2291 praedonis
2401 2216 2664 2273 titulum

342 2316 545 2373 comiti
570 2332 603 2372 a
642 2315 881 2373 Giraldo
916 2315 1176 2372 inditum
1206 2315 1554 2389 Stephanidi
1581 2335 1698 2371 non
1727 2316 1932 2373 adime.
2014 2315 2072 2373 N
2073 2334 2148 2373 on
2175 2315 2332 2373 enim
2371 2316 2446 2371 ab
2489 2334 2664 2389 aequo

339 2412 632 2482 abhorret,
662 2422 750 2483 ut,
774 2414 873 2471 cui
900 2432 959 2471 se
984 2404 1331 2487 direptionis
1358 2386 1629 2470 comitem
1657 2413 1952 2487 adjunxit,
1977 2412 2162 2471 eidem
2181 2412 2349 2469 tituli
2377 2412 2664 2469 societate

338 2514 675 2588 copuletur:
717 2522 789 2570 ut
813 2513 1249 2588 iniquissimum
1276 2531 1335 2569 se
1355 2512 1618 2585 judicem
1647 2513 1926 2572 Giraldus
1951 2512 2289 2587 praebuerit,
2319 2512 2426 2585 qui
2467 2532 2655 2569 avun-

338 2610 459 2667 culi
486 2610 685 2667 studio
711 2612 861 2667 recti
878 2611 1097 2668 limites
1118 2610 1456 2676 transilivit,
1477 2618 1536 2669 et
1561 2611 1622 2666 in
1653 2611 1852 2669 eodem
1879 2610 2095 2667 scelere
2121 2610 2356 2684 positOS,
2387 2609 2658 2681 ejusdem

340 2707 635 2763 dedecoris
662 2707 973 2782 participes
1000 2727 1117 2765 non
1143 2707 1301 2765 fecit.
1376 2706 1526 2765 Cum
1553 2708 1878 2783 praesertim
1905 2708 1963 2763 N
1965 2706 2328 2782 eubrigensis
2355 2705 2509 2761 mihi
2535 2726 2656 2763 non

340 2800 587 2860 obscure
614 2802 841 2859 accinat
866 2800 959 2858 his
986 2802 1197 2859 verbis.
1280 2809 1317 2833 “
1334 2803 1522 2877 Angli
1561 2806 1674 2861 sub
1711 2805 1900 2879 specie
1929 2804 2316 2861 militantium
2344 2803 2654 2862 Hiberniae

342 2882 557 2961 Insulae
580 2901 961 2977 irrepserunt,
980 2910 1041 2958 et
1061 2901 1269 2957 deinde
1290 2902 1492 2959 accitis
1511 2921 1587 2958 ex
1603 2902 1826 2978 Angli&
1843 2903 1990 2961 viris
2009 2903 2205 2977 inopia
2221 2903 2654 2971 laborantibuS,

340 3008 401 3059 et
434 3001 589 3059 lucri
634 3000 880 3077 cupidiS,
922 2999 1079 3056 vires
1124 2999 1409 3075 paulatim
1457 3010 1773 3058 auxerunt.
1872 2982 2130 3057 Tandem
2163 3010 2538 3061 accesserunt
2577 3022 2656 3059 ex

342 3097 565 3174 Anglifi
583 3097 1017 3175 praeficiendum
1046 3098 1175 3167 sibi,
1206 3099 1404 3155 virum
1433 3100 1689 3156 nobilem
1709 3109 1770 3158 et
1785 3108 2100 3175 potentem,
2129 3100 2656 3159 comitem-scilicet

341 3196 717 3264 Richardum,
748 3196 853 3271 qui
894 3196 1177 3253 nimirum
1218 3196 1355 3253 cum
1394 3206 1547 3254 esset
1583 3199 2008 3273 magnanimus,
2047 3207 2110 3255 et
2147 3218 2328 3273 supra
2365 3199 2528 3256 vires
2567 3201 2655 3257 rei

340 3294 644 3351 familiaris
669 3292 963 3369 profusus,
992 3294 1363 3367 amplissimis
1388 3295 1718 3351 redditibus
1743 3296 2078 3364 exinanitis,
2121 3305 2182 3353 et
2208 3296 2502 3355 exhausto
2528 3297 2652 3357 fere

339 3392 709 3467 patrimonio,
740 3390 1131 3451 creditoribus
1158 3398 1285 3449 erat
1312 3410 1490 3467 supra
1513 3392 1753 3451 modum
1780 3394 2169 3451 obnoxiusssss’

402 3552 443 3584 ³⁸
463 3550 740 3607 Stanihurst,
765 3564 809 3608 p.
839 3550 945 3606 182,
970 3554 1018 3595 et
1038 3564 1131 3609 seq.
1198 3550 1239 3583 ³⁹
1258 3550 1517 3597 Chronicon
1535 3551 1738 3599 Manniae
1761 3554 1884 3611 apud
1907 3552 2208 3600 Camdenum.
2263 3554 2306 3587 4⁰
2321 3553 2435 3601 Hib.
2456 3554 2652 3615 Expug.

337 3615 417 3662 lib.
439 3616 470 3661 i.
492 3630 531 3661 c.
560 3617 633 3661 19.
699 3616 737 3649 41
762 3614 880 3661 Ibid.
906 3629 945 3661 c.
966 3617 1041 3661 29.
1108 3617 1150 3649 42
1174 3614 1292 3661 Ibid.
1311 3614 1391 3661 lib.
1416 3616 1464 3662 ii.
1489 3631 1527 3662 c.
1549 3619 1625 3664 35.
1691 3618 1732 3651 ⁴³
1753 3618 1856 3669 Lib.
1876 3618 1923 3663 ii.
1943 3632 1982 3664 c.
2001 3620 2079 3665 26.

403 3775 424 3799 ¹²
448 3770 559 3817 Earl
588 3770 863 3831 Strongbow
885 3772 1065 3831 having
1098 3772 1296 3819 married
1319 3772 1437 3831 Eva,
1541 3776 1593 3821 of
1611 3754 1836 3835 Leinsten⁷
1853 3776 2058 3837 ‚claimed
2080 3778 2190 3824 that
2206 3777 2430 3837 province
2451 3777 2503 3825 in
2525 3777 2660 3836 right

338 3853 569 3913 daughter
588 3857 642 3902 of
663 3856 866 3903 Dei-mod
888 3856 995 3903 Mac
1008 3858 1279 3917 Murrough,
1308 3859 1440 3917 King
1539 3859 1590 3905 of
1605 3859 1680 3905 his
1700 3860 1818 3905 wife.
