2834 4467
362 226 487 291 364
1131 232 1542 296 caxnnnnsrs
1577 250 1884 296 nvnnsua
2405 257 2562 322 [cst.
2591 258 2684 306 v1.

356 403 571 467 noluit.
642 402 961 463 Contendit
980 404 1135 461 enim
1162 402 1415 473 enixius,
1447 416 1506 463 et
1533 407 1816 483 exemplis
1843 405 2148 467 verbosius
2173 407 2437 483 prolatis,
2463 410 2688 466 robus-

358 500 483 558 tius
525 503 807 560 inculcat:
858 510 894 535 ‘⁶
917 503 988 559 In
1015 504 1193 560 armis
1218 504 1472 561 arietum
1499 505 1728 563 dextris
1753 525 1924 563 earne
1951 506 2188 563 nudatis
2215 526 2330 563 non
2369 508 2538 575 assia,
2577 509 2687 565 sed

358 603 531 659 elixis
574 612 694 659 tam
736 602 943 660 sutura
975 603 1261 680 prospicig
1308 604 1488 680 quam
1529 606 1844 681 praeterita,
1887 614 1948 663 et
1979 603 2116 663 ante
2157 606 2460 681 incognita
2502 606 2686 683 longe

360 702 697 777 respicit⁴⁷.”
758 703 969 778 Itaque
994 711 1086 761 tot
1112 704 1596 779 superstitionum
1625 705 1842 781 species
1867 706 1928 761 in
1955 704 2122 763 illius
2145 704 2338 763 animo
2359 715 2682 781 congestae,

358 801 530 858 illum
558 800 935 861 fascinatione
974 802 1167 859 nescio
1193 800 1310 877 qua
1346 804 1661 860 obcaecasse
1685 802 1982 872 videntur,
2012 811 2100 872 ut,
2147 810 2186 836 “
2203 802 2278 860 ad
2303 804 2578 861 convicia
2618 802 2683 861 in

360 901 679 957 Ecclesiam
719 902 1133 970 militantem‚”
1160 920 1335 975 quam
1383 903 1500 959 “in
1525 902 1793 971 multis?
1827 903 2021 979 decipi
2062 902 2476 971 “affirmatssst
2515 914 2580 961 et
2607 904 2682 961 ad

354 998 775 1074 ‘blasphemiam
800 1000 862 1055 in
884 1000 1099 1057 caelites
1126 1000 1387 1075 linguam
1406 998 1692 1077 flagitiose
1719 1000 2022 1072 laxaverit,
2049 1008 2086 1034 ‘⁴
2101 1002 2344 1059 Sanctos
2365 1002 2680 1063 Hiberniae

358 1100 634 1157 vindictae
662 1100 1023 1176 appetibiles,
1052 1108 1113 1157 et
1132 1099 1311 1156 animi
1335 1099 1588 1156 vindicis
1613 1100 1822 1157 essew'
1849 1100 2258 1157 calumniatus.

393 1221 400 1230 ·
482 1199 629 1267 Quis
670 1199 859 1275 igitur
894 1217 1011 1255 non
1051 1198 1214 1255 videt
1252 1197 1581 1266 Giraldum,
1620 1218 1737 1255 non
1773 1197 2067 1273 placidum
2105 1197 2205 1254 sed
2242 1198 2676 1257 turbulentum

358 1296 553 1367 fuisse,
584 1296 690 1372 qui
728 1295 997 1354 molestia
1031 1296 1161 1354 aliis
1194 1294 1526 1353 facessenda
1554 1304 1646 1353 tot
1676 1296 1879 1353 turbas
1905 1292 2228 1351 excitavit?
2265 1314 2384 1351 non
2411 1298 2676 1371 probum

358 1395 457 1451 sed
484 1396 835 1471 improbum,
860 1395 965 1471 qui
992 1403 1084 1451 tot
1104 1394 1593 1470 superstitionum
1611 1393 1856 1450 maculis
1871 1393 2131 1451 animum
2155 1393 2504 1467 inquinavit
2517 1404 2676 1451 :⁴non

354 1494 653 1569 integrum
681 1494 781 1553 sed
806 1501 1171 1569 corruptum,
1202 1493 1307 1567 qui
1342 1512 1373 1549 e
1412 1490 1984 1549 contaminatissimis
2020 1489 2259 1547 Merlini
2285 1491 2476 1561 libris,
2509 1512 2676 1550 men·

354 1591 522 1663 dacii,
542 1602 603 1650 et
630 1593 907 1669 nequitiae
933 1592 1161 1649 rivulos
1177 1592 1406 1661 hausit3
1437 1608 1552 1648 non
1578 1608 1814 1665 gravem
1841 1590 1942 1647 sed
1959 1589 2356 1659 vanissimum,
2377 1591 2486 1665 qui
2517 1612 2670 1649 som-

352 1694 586 1749 niorum
600 1692 838 1749 levitate
862 1700 1141 1765 tanquam
1158 1691 1366 1766 quovis
1380 1708 1539 1747 aurae
1559 1690 1706 1746 flatu
1725 1688 2004 1746 aliorsum
2023 1689 2316 1745 abductus
2335 1689 2470 1747 fuit.
2533 1692 2596 1747 N
2597 1709 2672 1747 on

349 1793 572 1850 bonum
626 1790 727 1847 sed
768 1808 1125 1866 perversum,
1174 1788 1277 1864 qui
1326 1788 1716 1847 Ethnicorum
1760 1786 1930 1855 ritus,
1977 1785 2385 1863 theologorum
2429 1788 2670 1864 placitis

349 1890 644 1970 praetulit:
688 1909 803 1947 non
830 1888 1157 1946 modestum
1186 1888 1283 1945 sed
1312 1886 1906 1955 immodestissimum‚
1938 1887 2042 1961 qui
2068 1901 2100 1942 e
2126 1885 2299 1962 longe
2327 1887 2540 1963 petitis
2567 1908 2668 1946 ex-

348 1990 573 2066 emplis,
602 1987 1068 2063 alienissimaque
1092 1987 1223 2063 lupi
1248 1985 1638 2044 similitudine
1669 1980 1867 2041 ansam
1887 1985 2141 2042 nationis
2161 1986 2500 2043 Hibernicae
2533 1988 2669 2045 uni-

347 2110 545 2160 versae,
590 2088 899 2147 calumniis
932 2086 1277 2164 impetendae
1308 2085 1590 2162 arripuit:
1620 2104 1736 2141 non
1770 2066 2140 2160 prudentem,
2185 2085 2284 2141 sed
2317 2084 2666 2161 impruden-

346 2190 658 2267 tissimum,
690 2188 795 2263 qui
822 2186 1473 2269 ariolationibusextra
1499 2185 1766 2241 veritatis
1787 2184 2002 2241 limites
2030 2203 2091 2242 se
2115 2185 2257 2241 ferri
2283 2204 2492 2261 passus
2518 2195 2627 2243 est.

352 2371 355 2373 v
394 2354 435 2386 ⁴⁷
460 2350 756 2397 Itinerarium
780 2347 1021 2405 Oambriae,
1046 2346 1125 2393 lib.
1144 2348 1175 2393 i.
1195 2360 1233 2393 c.
1258 2348 1331 2392 11.
1398 2344 1442 2379 48
1460 2344 1632 2404 Topog.
1659 2344 1766 2391 dist.
1789 2343 1854 2389 iii.
1879 2358 1918 2389 c.
1944 2344 2021 2389 31.
2088 2344 2130 2377 4⁹
2148 2342 2269 2389 Ibid.
2292 2356 2416 2402 caps·
2443 2346 2524 2402 33,
2548 2346 2628 2391 55.

412 2516 425 2547 t
446 2515 559 2562 This
596 2514 769 2573 charge
805 2512 991 2571 against
1026 2509 1245 2561 Gis-aldus
1274 2509 1317 2559 is
1350 2508 1448 2554 dis·
1549 2520 1580 2553 a
1601 2505 1794 2555 Giraldo
1815 2506 2042 2565 denegata
2063 2504 2273 2551 haeresim
2289 2505 2458 2565 sapit.”

343 2602 505 2649 cussed
527 2601 574 2646 in
594 2598 748 2656 detail,
774 2595 915 2657 infr-c),
936 2592 1169 2659 p.}¹[348],
1200 2594 1345 2639 under
1367 2594 1449 2638 the
1553 2620 1558 2625 -
1615 2598 1636 2621 ²¹
1654 2591 1730 2636 He
1751 2590 1910 2637 makes
1932 2590 2010 2635 the
2033 2603 2159 2635 same
2180 2591 2448 2636 accusation
2473 2592 2663 2651 against

340 2686 460 2733 head
490 2686 518 2711 ‘⁴
535 2682 782 2730 Veneratio
800 2681 984 2729 Sanctis
1004 2681 1065 2727 ab
1082 2675 1289 2725 Ecclesia
1311 2676 1449 2723 cultis
1550 2674 1629 2722 tho
1661 2674 1826 2721 Welsh
1859 2674 2016 2733 saints,
2053 2674 2275 2735 referring
2307 2674 2592 2737 principally
2614 2682 2662 2723 to
