2834 4467
379 50 400 77 Δ

334 210 487 277 190-
1103 228 1514 275 cAnnnsnsm
1543 226 1854 273 masos.
2363 228 2516 295 [cm
2542 230 2642 278 111.

329 384 669 462 regionibus
693 382 945 461 patriam
970 401 1037 442 ac
1062 384 1375 460 genuinam
1406 382 1674 459 linguam
1701 400 1824 441 esse
1850 380 2230 439 Hibernioam
2255 398 2434 457 quam
2463 379 2646 438 hodie

326 502 466 543 cum
492 483 743 543 nutricis
768 483 920 541 lacte
946 500 1142 541 omnes
1170 483 1531 541 imbibimus,
1611 482 1836 539 Praeter
1862 478 2155 548 Dublinii,
2177 479 2549 555 Vadipontis,
2579 489 2644 537 et

329 582 689 641 Wexfordiae
732 582 951 641 incolas
984 589 1045 640 et
1080 582 1301 641 accolas
1336 580 1556 655 reliqui
1581 578 1838 655 Anglica
1877 578 2086 655 lingua
2111 579 2175 635 in
2201 579 2348 636 ludo
2373 579 2644 636 literario

329 680 603 757 pusiones
637 680 981 739 imbuimur.
1060 680 1361 738 Nimirum
1398 679 1556 737 sicut
1581 677 2017 747 Quinctilianus
2057 676 2218 736 dixit
2258 682 2297 711 ‘⁴
2313 697 2348 735 a
2373 696 2646 737 sermone

332 770 536 839 Graeco
569 798 823 857 puerum
856 778 1114 855 incipere
1149 778 1319 847 malo,
1362 777 1504 853 quia
1539 776 1806 846 Latinus,
1851 776 1954 851 qui
1991 776 2270 852 pluribus
2296 777 2360 833 in
2386 796 2507 834 usu
2531 784 2644 846 est,

330 877 427 935 vel
464 878 634 934 nobis
673 876 1010 935 nolentibus
1050 894 1111 933 se
1144 876 1428 952 praebet‚”
1469 883 1530 933 et
1569 874 1776 932 Livius
1817 874 2032 932 habere
2071 893 2132 933 se
2178 875 2262 932 ait
2310 881 2348 908 ‘⁶
2367 884 2642 933 auctores

332 974 619 1032 Romanos
638 992 851 1050 pueros
878 974 1032 1032 sicut
1050 962 1211 1031 nunc
1230 974 1448 1032 Graecis
1474 974 1560 1031 ita
1581 973 1891 1031 Hetruscis
1910 973 2100 1031 literis
2121 973 2354 1033 eruderi
2376 974 2647 1045 solitos,’'

332 1074 416 1131 sic
434 1073 800 1150 peregrinam
827 1092 931 1131 nos
946 1072 1209 1151 linguam
1230 1072 1401 1149 prius
1420 1072 1714 1141 discimus,
1735 1071 1912 1147 quam
1939 1078 2216 1143 nostram,
2239 1081 2450 1149 utpote
2467 1074 2643 1131 nobis

331 1192 449 1231 usu
475 1172 836 1230 familiarem.
917 1173 1011 1230 Ita
1041 1182 1130 1242 ut,
1167 1170 1312 1231 licet
1345 1191 1543 1231 omnes
1579 1169 1900 1230 Hibernice
1935 1171 2263 1248 loquamur,
2283 1172 2354 1229 'et
2381 1170 2641 1248 Anglice

331 1272 600 1349 plerique
638 1272 899 1347 legamus
934 1280 995 1329 et
1035 1263 1390 1340 scribamus,
1419 1269 1606 1353 aliqui
1641 1278 1838 1327 tamen
1871 1269 1996 1344 jam
2030 1269 2222 1327 adulti
2260 1269 2335 1327 ad
2369 1269 2644 1345 linguam

334 1370 717 1427 Hibernicam
756 1368 1059 1445 legendam
1094 1378 1155 1427 et
1188 1368 1556 1427 scribendam
1589 1367 1812 1425 animos
1851 1367 2014 1425 ultro
2039 1367 2352 1444 appellant,
2384 1367 2644 1444 quodam

330 1468 551 1545 linguae
578 1468 745 1543 quasi
770 1466 991 1543 saporis
1014 1466 1233 1524 fascino
1257 1448 1469 1523 allecti.

462 1565 671 1622 Intimi
710 1565 931 1640 quique
969 1564 1281 1622 locutionis
1322 1562 1658 1621 Hibernicae
1702 1580 1964 1622 recessus
2008 1562 2082 1619 ab
2124 1562 2425 1637 aliquibus
2466 1561 2646 1621 hodie

334 1672 630 1733 tenentur,
660 1664 762 1739 qui
792 1664 1057 1729 scientias
1082 1663 1267 1721 avitas
1292 1663 1618 1721 etiamnum
1644 1669 2070 1721 consectantur.
2130 1662 2300 1719 Sicut
2321 1662 2476 1720 enim
2505 1682 2644 1720 cau-

335 1770 469 1819 tum
504 1761 645 1817 olim
684 1768 812 1818 erat
839 1779 913 1818 ne
947 1761 1080 1836 quis
1106 1768 1291 1818 artem
1320 1768 1381 1818 et
1407 1759 1762 1818 industriam
1787 1759 2056 1817 medendi
2081 1759 2354 1835 cuiquam
2380 1778 2644 1818 commu-

334 1880 469 1919 nem
495 1861 729 1930 faceret,
749 1860 946 1936 quiex
961 1860 1462 1936 AEscl'epiadarum
1480 1879 1692 1935 genere
1710 1878 1828 1917 non
1848 1868 1998 1917 esset
2014 1866 2274 1927 exortus,
2303 1877 2370 1915 ac
2395 1859 2648 1934 proinde

336 1960 484 2017 artis
508 1958 672 2016 illius
697 1958 917 2035 peritos
938 1957 1127 2016 Graeci
1144 1964 1182 1991 ‘⁶
1200 1957 1351 2015 filios
1366 1958 1772 2015 medicorum”
1795 1976 2022 2033 semper
2040 1957 2476 2033 appellarent103
2505 1957 2594 2015 sic
2613 1977 2654 2015 a

336 2057 515 2115 certis
530 2064 590 2114 et
610 2055 917 2113 destinatis
936 2055 997 2112 in
1010 2054 1299 2113 Hibernia
1315 2055 1554 2112 familiis
1572 2054 1867 2123 historica,
1881 2052 2368 2130 jurisprudentia,
2393 2056 2645 2129 poetica,

336 2163 398 2213 et
422 2155 708 2213 medicina
746 2164 973 2230 'semper
998 2153 1357 2222 colebantur,
1388 2160 1462 2210 ut
1489 2160 1644 2209 artes
1667 2151 1784 2209 111ae
1809 2152 2010 2210 liberis
2044 2158 2356 2227 parentum
2397 2152 2648 2211 institu-

335 2255 497 2312 tione
523 2273 557 2311 a
582 2254 799 2313 teneris
826 2253 1129 2329 unguibus
1162 2251 1332 2309 nullo
1366 2251 1601 2327 negotio
1627 2248 1925 2308 instillatus
1950 2250 2190 2307 illorum
2225 2251 2434 2308 animis
2461 2251 2648 2310 altius

328 2334 755 2423 insererentur,
778 2351 920 2409 adeo
945 2358 1018 2408 ut
1044 2368 1244 2408 earum
1271 2350 1492 2406 artium
1518 2338 1633 2406 non
1663 2368 1786 2407 esse
1804 2348 2142 2425 peritissimi
2168 2368 2285 2406 non
2313 2351 2645 2425 potuerint,

338 2469 591 2526 quarum
630 2450 793 2527 poene
835 2450 897 2507 in
924 2448 1234 2507 cunabulis
1269 2447 1564 2526 tyrocinia
1601 2456 1948 2523 posuerunt.
2028 2448 2123 2505 Ita
2149 2456 2344 2505 tamen
2370 2456 2445 2506 ut
2481 2468 2652 2507 more

329 2548 455 2623 jam
492 2556 813 2606 memorato
842 2548 1197 2615 Graecorum‚
1237 2545 1343 2622 qui
1368 2545 1548 2602 etiam
1573 2544 1835 2603 eruditos
1862 2563 1979 2602 non
2007 2544 2232 2621 sophos,
2263 2544 2362 2602 sed
2387 2544 2648 2621 philoso-

335 2646 501 2721 phos,
531 2634 698 2720 quasi
722 2645 1031 2703 literarum
1058 2651 1335 2712 amantes,
1363 2643 1763 2713 nominabant,
1781 2642 2184 2701 doctissimum
2211 2662 2508 2719 quemque
2527 2664 2648 2702 non

334 2744 532 2801 virum
560 2742 877 2811 eruditum,
908 2742 1008 2800 sed
1037 2747 1076 2775 “
1094 2741 1373 2799 doctrinae
1399 2736 1642 2798 filium”
1669 2742 2022 2818 appenentu.
2091 2743 2316 2800 Vereor
2343 2750 2544 2800 tamen
2573 2754 2648 2801 ut

334 2841 647 2900 reconditae
694 2840 990 2898 idiomatis
1037 2839 1348 2899 Hibernici
1394 2840 1717 2916 cognitioni
1758 2840 1934 2899 ruina
1969 2841 2092 2915 jam
2133 2840 2454 2911 immineat,
2506 2836 2647 2901 clm

334 2959 535 2997 earum
550 2930 781 2997 'artium
808 2938 1138 2997 cultoribus
1165 2938 1383 2995 assueti
1401 2957 1610 2996 census
1636 2958 1754 2995 non
1788 2940 2333 2997 subministrentur.
2401 2938 2649 2998 Etenim

332 3038 519 3097 honos
545 3039 654 3098 alit
678 3047 852 3108 arteS,
882 3046 954 3095 ut
978 3034 1165 3114 vulgo
1194 3036 1436 3107 dicitur,
1466 3034 1588 3114 quo
1617 3037 1908 3095 Martialis
1935 3037 2128 3105 illusit
2154 3056 2395 3097 canens:

876 3170 907 3197 “
924 3168 1029 3217 Sint
1048 3166 1340 3225 Maecenates,
1365 3179 1460 3215 non
1481 3168 1688 3225 deerunt,
1710 3166 1886 3226 Flacco,
1909 3166 2137 3227 Marones,

917 3251 1261 3313 Virgiliumque
1280 3250 1367 3298 tibi
1386 3250 1466 3297 vel
1477 3256 1572 3326 ,tua
1589 3264 1698 3297 rura
1718 3250 1981 3319 dabunt¹².”

400 3382 443 3416 ιο
462 3362 754 3429 Bibliotheca
774 3376 1026 3435 possevini,
1050 3377 1130 3424 nb.
1159 3378 1233 3424 14.
1300 3378 1337 3409 u
1362 3374 1649 3435 stamnum,
1668 3376 1749 3424 lib.
1773 3377 1805 3423 i.
1827 3391 1872 3437 p.
1894 3378 1972 3427 50.
2042 3378 2081 3411 12
2100 3377 2201 3425 Lib.
2228 3376 2486 3439 viii.1‹:pig.
2507 3379 2590 3427 56.

400 3506 421 3533 ¹·
441 3499 703 3560 Especially
724 3512 811 3547 one
830 3498 884 3546 of
898 3499 979 3545 the
998 3498 1091 3545 last
1121 3498 1215 3543 and
1234 3500 1440 3557 greatest
1537 3494 1738 3541 without
1751 3508 1846 3556 any
1862 3494 2071 3543 national
2092 3492 2338 3543 allocation
2355 3494 2409 3541 of
2423 3495 2566 3541 funde
2577 3495 2651 3543 for

336 3586 389 3633 of
404 3586 485 3633 the
504 3585 584 3631 old
602 3598 719 3643 raes,
745 3583 902 3631 Duald
924 3582 1164 3639 Mcmrbis,
1192 3582 1265 3628 for
1284 3582 1441 3629 whose
1541 3578 1664 3625 Irish
1693 3579 1955 3637 educationi,
1976 3592 2074 3626 was
2097 3579 2274 3627 carried
2301 3578 2402 3625 into
2429 3579 2568 3625 effect
2597 3579 2650 3625 in

336 3670 492 3718 werke
512 3684 587 3717 ιω
615 3670 803 3717 meaoe
832 3674 882 3715 ω
914 3668 1077 3714 maes
1096 3652 1205 3713 aad
1226 3666 1442 3713 Castam
1542 3664 1725 3721 Ῑωιιῃᾱ
1753 3664 1820 3725 by
1839 3664 1998 3711 sames
2020 3664 2075 3722 L,
2105 3665 2188 3711 the
2208 3664 2386 3711 Briflsh
2408 3663 2646 3723 solomon,

338 3758 401 3816 ⁰f
422 3755 794 3801 (Ii-F'wclaracla.
847 3754 930 3801 Dr.
948 3752 1111 3812 Lynch
1130 3751 1337 3798 received
1352 3764 1440 3797 va-
1540 3750 1686 3795 under
1696 3750 1852 3795 whom
1865 3749 1946 3796 she
1960 3748 2168 3796 received
2181 3748 2380 3809 English
2394 3748 2501 3795 law.
2531 3749 2650 3795 For-

339 3836 494 3884 luable
514 3838 593 3885 aid
610 3838 730 3884 from
750 3837 865 3896 him,
883 3850 961 3897 pp.
982 3833 1149 3899 [157]‚
1175 3832 1344 3898 [158J.
1539 3832 1755 3893 tunately
1769 3833 1850 3881 the
1863 3832 2096 3894 langungs
2109 3834 2152 3881 is
2164 3839 2246 3880 not
2255 3838 2337 3895 yet
2351 3832 2454 3880 lost.
2500 3834 2650 3882 Much

405 3928 423 3951 ¹
444 3921 544 3969 The
573 3921 818 3982 spoliation
847 3923 899 3969 of
924 3921 1063 3968 bat-ds
1087 3921 1180 3968 and
1212 3921 1438 3979 Brehons,
1540 3919 1628 3965 has
1648 3919 1761 3965 been
1789 3916 1908 3965 done
1927 3920 2097 3979 dux-ing
2127 3920 2209 3965 the
2235 3917 2329 3967 last
2357 3918 2492 3977 eight
2509 3932 2650 3979 years
