2834 4467
357 221 483 287 302
1139 238 1551 285 causat-nas
1582 234 1889 281 xvnasus.
2404 230 2558 294 [cir.
2584 230 2683 277 IV.

351 393 591 471 pressit:
637 398 676 427 ‘⁶
697 393 783 451 Hi
821 392 938 449 rati
963 400 1108 451 sunt
1132 391 1244 450 hac
1281 391 1585 467 sanguinis
1610 388 1893 447 effusione
1917 404 1977 443 se
2006 382 2299 441 Danicum
2333 381 2685 440 incendium

349 490 750 559 restricturos,
779 490 940 565 quod
965 498 1162 549 tamen
1189 490 1254 549 in
1280 490 1467 565 magis
1502 488 1805 546 exitialem
1830 486 2119 543 flammam
2154 481 2395 539 exarsit.
2476 480 2684 553 Sueno

351 589 509 647 enim
549 589 678 647 Rex
721 589 1025 645 Danorum
1070 588 1182 645 hac
1231 606 1477 645 suorum
1506 586 1671 646 ,caede
1710 586 2001 651 irritatus,
2050 599 2363 639 numeroso
2404 579 2683 637 exercitu

351 686 632 762 Angliam
647 686 798 743 a'nno
819 693 952 761 post
975 685 1284 746 Christum
1301 695 1511 743 natum
1535 688 1637 759 10]
1650 690 1685 743 2
1704 685 1938 752 invasit,
1961 682 2415 755 immaniterque
2432 676 2681 735 efferato

350 785 544 841 animo
570 792 868 859 grassatus
898 790 1092 840 totum
1119 802 1370 858 regnum
1393 783 1507 863 sibi
1534 782 1898 841 subdiditaee’
1972 781 2031 837 N
2032 798 2097 836 ee
2124 779 2206 835 sic
2232 776 2493 833 homines
2520 794 2681 831 verae

351 882 489 939 fidei
531 882 668 939 luce
702 880 966 937 nondum
1007 880 1232 955 perfusi
1259 880 1320 937 in
1346 881 1537 941 victos
1550 880 1897 939 saevierunt.
1980 877 2268 935 Romulus
2296 875 2451 932 enim
2476 874 2681 931 vetuit
2788 880 2795 886 '

293 1001 301 1007 ·
349 980 684 1055 impuberes
703 996 900 1037 omnes
927 979 988 1035 in
1017 979 1172 1036 bello
1199 980 1386 1055 captis
1404 980 1679 1049 urbibus,
1698 977 1949 1036 neoariw.
2004 977 2139 1034 Non
2166 974 2357 1049 igitur
2372 971 2677 1029 immerito

353 1078 626 1136 sciscitur
1276 1139 1281 1144 ,
2010 1128 2015 1135 .

721 1149 727 1157 ’
809 1159 840 1183 “
856 1157 982 1213 Quid
1006 1156 1101 1211 tale
1121 1158 1348 1205 immanes
1369 1172 1579 1217 unquam
1601 1158 1795 1216 gessisse
1816 1157 2026 1202 feruntur

848 1241 940 1289 Vel
964 1242 1087 1291 Sinis
1110 1243 1366 1290 Isthmiaca
1385 1234 1615 1301 pinn,'vel
1637 1256 1748 1300 rupe
1764 1240 1993 1300 profunda

853 1326 1046 1386 Scyron,
1073 1326 1148 1373 vel
1172 1326 1386 1373 Phalaris
1407 1332 1553 1382 tauro,
1579 1324 1656 1371 vel
1677 1338 1854 1371 carcere
1877 1320 2049 1383 Sylla?

850 1410 893 1457 Ο
916 1411 1057 1459 Mites
1081 1410 1318 1457 Diomedis
1339 1411 1459 1469 equi,
1487 1410 1717 1455 Busiridis
1738 1423 1829 1455 arae

851 1493 1141 1541 clementes:
1173 1495 1274 1553 jam
1299 1484 1463 1541 Cinna
1471 1493 1590 1552 pius,
1610 1494 1711 1553 jam
1737 1492 1955 1552 Spartace
1978 1488 2182 1538 lenis³1.”

354 1620 594 1680 Giraldo
637 1618 938 1677 “collatus
975 1618 1089 1678 eris
1104 1619 1158 1675 :'’
1201 1618 1304 1693 qui
1339 1617 1768 1675 humanitatem
1811 1617 1981 1675 exuit
2024 1624 2097 1673 ut
2137 1615 2324 1675 hostis
2364 1632 2675 1691 personam

352 1718 644 1785 indueret,
687 1736 794 1775 nec
837 1716 1000 1775 aliud
1027 1716 1226 1774 verius
1266 1717 1635 1775 crudelitatis
1672 1716 2009 1794 symbolum
2032 1724 2143 1785 est,
2181 1715 2361 1789 quam
2400 1712 2571 1789 quod
2612 1715 2674 1769 in

355 1816 637 1873 Hibernis
666 1815 1121 1893 opprobriorum
1147 1816 1340 1872 imbre
1363 1815 1787 1890 perfundendis
1814 1814 2070 1873 maxima
2095 1814 2404 1889 voluptate
2428 1813 2675 1889 perfun-

350 1916 610 1985 deretur,
625 1913 936 1975 Psalmista
957 1912 1211 1971 dicente:
1235 1920 1272 1946 ‘⁶
1285 1915 1551 1983 Quorum
1570 1935 1631 1973 os
1652 1915 2055 1973 maledictione
2072 1915 2311 1990 plenum
2328 1920 2433 1981 est,
2446 1913 2673 1971 veloces

351 2014 524 2091 pedes
553 2034 754 2073 eorum
795 2014 870 2071 ad
898 2012 1318 2071 effundendum
1359 2014 1803 2089 sanguinem³².”
1884 2015 1975 2073 Ut
2008 2014 2099 2071 illi
2124 2014 2272 2071 vitio
2298 2032 2417 2070 non
2442 2020 2670 2071 vertam

353 2113 514 2191 quod
538 2096 638 2172 vir*
659 2114 1080 2173 ecclesiasticus
1107 2113 1262 2191 leges
1289 2114 1703 2173 ecclesiasticas
1728 2122 1993 2173 vetantes
2020 2114 2433 2177 ecclesiasticos
2460 2113 2669 2189 capitis

357 2214 706 2275 sententiam
742 2214 805 2271 in
835 2212 1164 2289 quempiam
1190 2212 1398 2282 dicere,
1428 2212 1768 2282 violaverit3
1796 2212 1935 2272 cum
1959 2214 2157 2291 legum
2182 2212 2576 2276 humanarum
2602 2230 2670 2267 ac

358 2313 694 2370 divinarum
723 2312 942 2369 limites
970 2322 1090 2369 tam
1125 2309 1306 2387 impie
1337 2311 1701 2380 transilierit,
1731 2321 1806 2371 ut
1840 2330 1976 2372 cum
2012 2313 2165 2372 Divo
2194 2311 2494 2371 Bernardo
2520 2310 2668 2369 mihi

359 2410 551 2467 dicere
569 2410 769 2467 liceat:
792 2415 828 2441 “
846 2409 992 2478 Quis
1012 2429 1128 2465 non
1149 2408 1403 2467 miretur
1422 2408 1543 2467 imo
1566 2416 1627 2467 et
1646 2409 1973 2469 detestetur
1988 2410 2167 2470 unius
2190 2428 2315 2469 esse
2331 2428 2588 2485 personae
2610 2418 2669 2467 et
2718 2433 2732 2449 ·

359 2517 651 2565 armatum
672 2486 950 2565 armatam
979 2507 1193 2565 ducere
1217 2506 1508 2576 militiam,
1539 2516 1601 2564 et
1624 2506 1760 2565 alba
1798 2507 2067 2583 stolaque
2086 2507 2371 2566 indutum
2388 2506 2455 2565 in
2480 2506 2670 2566 medio

361 2605 616 2665 ecclesiae
655 2607 1042 2682 pronuntiare
1067 2607 1489 2682 Evangelium
1534 2607 1681 2667 tuba
1707 2608 1965 2671 indicere
2003 2608 2229 2667 bellum
2266 2606 2579 2674 militibus,
2608 2615 2671 2665 et

358 2705 526 2779 jussa
566 2704 820 2781 episcopi
856 2705 1087 2781 populis
1127 2703 1442 2764 intimaret?
1531 2705 1665 2763 Nisi
1691 2704 1843 2763 forte
1886 2705 2071 2784 (quod
2095 2702 2525 2773 intolerabilius
2554 2702 2672 2779 est)

363 2802 667 2859 erubescat
711 2802 1095 2877 Evangelium
1134 2801 1234 2878 (de
1271 2821 1390 2877 quo
1414 2821 1527 2881 vas*
1556 2802 1853 2861 electionis
1894 2802 2213 2861 admodum·
2243 2801 2565 2879 gloriatur)
2607 2810 2670 2861 et

362 2900 749 2957 confunditur
776 2898 964 2957 videri
993 2899 1271 2971 Clericus,
1314 2900 1618 2980 magisque
1644 2900 1983 2961 honorabile
2010 2900 2176 2973 ducit
2201 2909 2415 2977 putare
2456 2920 2515 2958 se
2556 2900 2666 2957 mi-

359 3000 543 3069 litem,
590 2999 695 3074 qui
738 2999 892 3057 clero
939 2996 1230 3066 militiam,
1280 2999 1477 3057 forum
1519 2999 1704 3077 (addo
1746 2997 1971 3073 castra)
2015 2998 2319 3073 anteponit
2360 2997 2666 3067 Ecclesiae3

360 3097 576 3156 divinis
617 3095 882 3175 profecto
925 3095 1198 3166 humana,
1233 3090 1579 3155 'coelestibus
1610 3098 1885 3173 praeferre
1927 3107 2161 3156 terrena
2192 3094 2666 3161 convincitur³³.”

361 3197 513 3257 Sane
542 3216 1034 3275 supervacaneum
1075 3205 1164 3257 est
1202 3205 1275 3255 ut
1307 3197 1400 3255 illi
1430 3198 1779 3273 exprobrem
1817 3196 2006 3255 aliena
2030 3196 2205 3254 illum
2240 3214 2274 3252 a
2300 3192 2668 3253 sacerdotum

358 3298 735 3356 institutione
772 3297 1080 3375 prosequi3
1121 3296 1258 3355 clim
1295 3297 1371 3353 ad
1398 3297 1697 3357 Hibernos
1722 3294 2111 3365 debellandos,
2148 3292 2669 3369 stratagematibus

219 3401 335 3468 [35]
362 3397 600 3467 bellicis,
625 3416 691 3455 ac
709 3396 936 3469 technis
956 3414 1092 3454 suos
1119 3403 1239 3453 tam
1264 3393 1503 3470 operose
1532 3392 1543 3472 Ι
1573 3394 1825 3462 imbuat,
1844 3400 2193 3467 moneatque
2216 3398 2344 3465 ‚“ut
2368 3391 2575 3449 statim
2596 3410 2669 3449 ac

360 3497 484 3555 haec
502 3515 642 3572 gens
667 3496 854 3571 plenae
875 3493 1225 3569 subjectioni
1240 3493 1389 3551 colla
1409 3492 1770 3561 submiserit,
1808 3491 1880 3548 ad
1902 3491 2139 3549 modum
2165 3490 2419 3549 nationis
2448 3490 2667 3549 Siculae

419 3664 461 3695 2⁹
483 3660 704 3709 eamden.
728 3673 773 3719 μ
801 3660 909 3707 102.
990 3658 1032 3691 ³0
1053 3658 1467 3715 Halicarnasseus,
1498 3656 1579 3704 lib.
1601 3656 1651 3703 s.
1733 3657 1772 3690 ³¹
1798 3654 1965 3705 claud.
1988 3656 2145 3714 Rufin,
2166 3621 2250 3703 ιη’).
2270 3655 2303 3702 i.
2390 3657 2433 3691 υ
2450 3654 2532 3702 1³2.
2556 3655 2665 3701 xm„

360 3728 401 3761 ³³
425 3726 551 3785 Epis.
573 3722 767 3770 lxxviii.
1472 3732 1480 3739 “

428 3854 462 3879 ““
485 3846 824 3897 Ecclesiasticnl
844 3847 1156 3905 intes-ferenes,
1179 3847 1230 3892 in
1251 3845 1462 3906 military
1560 3846 1685 3904 ειη.
1775 3844 1913 3892 Some
1946 3843 2000 3891 of
2026 3844 2107 3890 the
2138 3832 2323 3890 earliest
2353 3842 2666 3903 Anglo-Irish

363 3930 534 3989 affairs,
559 3944 658 3979 was
672 3937 756 3977 not
766 3930 966 3981 unusual
986 3931 1036 3979 in
1058 3930 1140 3978 the
1153 3928 1338 3977 tvolsth
1351 3942 1461 3976 cen-
1560 3928 1889 4002 prelatesqtook
1910 3927 2120 3975 the-field
2140 3918 2424 3988 agnimt'the
2444 3926 2581 3975 mah.
