2834 4467
341 206 426 269 44
629 188 643 194 ’
1088 224 1402 267 ΕΡῙεΤοιΑ
1434 222 1895 267 ΒΕΒῙΟΔΤΟΒῙΑ.

339 364 636 437 Hibernos
662 364 978 455 dispersam
1005 386 1066 437 et
1089 397 1296 455 vagam
1321 378 1506 435 vitam
1541 376 1955 435 miserabiliter
1982 377 2283 453 exigentes
2293 378 2371 433 «in
2397 380 2653 458 patriam
2742 432 2755 447 ,

337 476 647 536 reduxisti.
729 478 810 535 Et
837 477 993 535 sicut
1016 478 1132 547 ille,
1163 478 1246 535 sie
1273 484 1342 533 tu
1369 475 1637 535 statuisti
1663 482 1739 561 ut·
1764 476 2063 551 praeterita
2088 476 2331 533 crimina
2356 478 2655 536 oblivione

337 576 693 653 sempiterna
719 576 1074 655 delerentur.
1147 577 1300 649 Quia
1337 583 1373 608 “
1392 574 1703 651 speciosius
1729 574 1961 649 injuriae
1988 574 2285 633 beneficiis
2301 576 2649 645 vincuntur,
2674 552 2685 565 ⁸

339 672 520 748 quam
554 673 674 731 odii
692 673 1014 750 pertinacia
1041 675 1482 751 pensantur¹⁰³.”

462 772 686 830 Cavent
730 772 904 832 unice
940 781 1209 849 parentes
1249 772 1505 848 aliquem
1540 792 1573 829 e
1598 772 1736 829 filiis
1763 772 1847 829 ita
1882 772 2177 833 beneficiis
2214 775 2533 853 cumulare,
2574 785 2651 833 ut

339 870 769 929 aemulationem
787 871 920 930 aliis
935 879 1220 930 moveant.
1270 872 1394 946 Nos
1420 870 1904 946 benignissimum
1931 878 1991 929 te
2010 874 2505 947 parentem‘nacti,
2530 892 2649 930 non

338 988 614 1027 veremur
639 978 712 1027 ut
743 970 816 1027 ad
855 970 1068 1029 melius
1102 969 1445 1028 merendum
1473 969 1547 1026 de
1579 969 1821 1045 nuperis
1850 969 2151 1027 Hiberniae
2192 972 2424 1041 colonis,
2470 972 2649 1047 quam

339 1067 414 1125 de
439 1068 645 1144 priscis
679 1068 969 1152 indigenis
1007 1068 1320 1145 proclivior
1346 1068 1724 1149 futurus-sis·
1784 1070 1949 1145 *Lege
1974 1070 2175 1128 divina
2201 1080 2489 1140 monente,
2540 1079 2578 1105 “
2600 1074 2651 1129 si

338 1186 610 1243 personas
636 1160 898 1246 accipitis
924 1177 1230 1246 peccatum
1251 1169 1589 1245 operamini,
1615 1164 1919 1245 redarguti
1936 1189 1969 1225 a
1988 1170 2115 1246 lege
2141 1170 2307 1246 quasi
2326 1180 2648 1247 transgres-

339 1271 558 1323 sores¹⁰⁴
571 1268 628 1337 ;”
651 1275 711 1325 et
731 1266 988 1326 humana
1009 1276 1308 1326 statuente
1330 1274 1452 1324 “ut
1470 1285 1647 1323 suum
1659 1266 1763 1340 jus
1782 1267 1997 1342 cuique
2017 1268 2381 1325 tribuatur.”
2411 1269 2649 1326 Horum

338 1346 588 1437 majores
629 1364 890 1441 Regibus
923 1365 1158 1441 Angliae
1199 1384 1496 1423 summum
1540 1364 1841 1421 Hiberniae
1888 1363 2200 1440 imperium
2243 1366 2319 1434 vi,
2365 1374 2425 1423 et
2464 1367 2651 1423 armis

338 1463 516 1539 primi
543 1464 976 1541 compararunt,
1001 1474 1080 1523 et
1084 1465 1278 1522 multo
1297 1464 1504 1523 deinde
1531 1464 1831 1539 sanguine,
1855 1484 1961 1540 per
1980 1465 2180 1540 plures
2206 1479 2494 1523 annorum
2514 1485 2648 1523 cen-

278 1618 284 1623 .
337 1564 544 1633 turias,
583 1564 648 1621 in
659 1542 930 1625 assiduis
948 1565 1134 1633 bellis,
1180 1564 1364 1625 effuso
1392 1562 1834 1648 confirmarunt.
1917 1564 2039 1639 Ipsi
2068 1583 2265 1622 omnes
2292 1564 2489 1632 animi,
2521 1584 2647 1621 cor-

339 1663 515 1737 poris,
554 1671 616 1721 et
656 1683 833 1739 opum
875 1680 1100 1732 nervOS,
1148 1671 1219 1720 ut
1261 1663 1415 1720 idem
1454 1662 1769 1737 imperium
1813 1680 1919 1719 8110
1957 1662 2105 1737 Regi
2152 1670 2376 1719 sartum
2420 1670 2651 1719 tectum

340 1770 844 1845 conservarentur,
888 1762 1288 1819 intenderunt.
1373 1760 1507 1829 Sed,
1542 1761 1719 1817 rebus
1754 1778 1830 1816 ex
1858 1778 2061 1816 eorum
2086 1768 2225 1817 voto
2252 1779 2374 1817 non
2407 1760 2648 1817 fluenti·

180 1856 339 1923 [xm]
331 1860 470 1927 1)118,
513 1841 773 1928 conatus,
816 1879 933 1917 non
975 1858 1272 1917 successus
1295 1858 1565 1917 habenda
1590 1846 1742 1915 ratio
1774 1854 1783 1935 Ι
1816 1842 1931 1915 est:
1976 1858 2279 1929 Etenim,
2286 1859 2545 1916 ‘Nullus
2572 1862 2649 1917 ab

341 1966 559 2015 eventu
585 1959 738 2015 facta
761 1959 1028 2016 notanda·
1041 1965 1294 2035 putat¹⁰⁵.
1297 1960 1335 1989 ”
1417 1958 1648 2034 Nuperi
1674 1958 1864 2015 coloni
1890 1976 2009 2014 non
2034 1958 2107 2014 ad
2134 1958 2515 2027 asserendam,
2547 1959 2650 2016 sed

339 2056 414 2113 ad
429 2056 802 2132 ‘eripiendam
831 2058 978 2133 Regi
1005 2066 1206 2115 nostro
1242 2075 1573 2133 supremam
1606 2056 1907 2118 Hiberniae
1940 2066 2287 2133 potestatem
2324 2058 2671 2141 rebellibus·

329 2156 518 2213 armis
546 2157 840 2232 Hibernos
865 2158 1240 2215 infestarunt.
1312 2158 1406 2214 Ita
1431 2156 1717 2231 indigenae
1757 2166 1817 2213 et
1842 2157 2087 2231 generiS,
2118 2166 2181 2215 et
2206 2157 2315 2215 sua
2342 2158 2539 2216 indole
2574 2158 2651 2215 ad

244 2292 250 2297 -
339 2256 796 2331 obsequendum,
826 2256 1016 2313 coloni
1043 2256 1362 2331 disciplinae
1383 2255 1782 2332 perversitate,
1812 2264 1873 2311 et
1899 2255 2007 2313 sua
2027 2255 2349 2330 pertinacia
2370 2256 2443 2312 ad
2462 2257 2647 2315 obsis-

339 2354 584 2413 tendum
612 2356 760 2432 Regi
784 2356 1060 2433 propensi
1088 2363 1245 2413 sunt.
1289 2354 1443 2413 Cum
1462 2354 1650 2429 igitur
1680 2359 1717 2384 “
1738 2354 1973 2411 difficile
1999 2354 2077 2410 sit
2103 2363 2335 2411 mutare
2360 2356 2645 2425 animum,

337 2463 398 2511 et
419 2456 468 2512 si
489 2456 631 2530 quid
653 2463 744 2513 est
768 2456 1016 2516 insitum
1045 2456 1330 2526 moribus,
1359 2454 1420 2510 id
1448 2451 1651 2511 subito
1681 2452 2049 2521 evellere¹⁰⁶,”
2086 2452 2367 2511 credibile
2391 2473 2509 2511 non
2536 2463 2645 2521 est,

338 2554 388 2611 si
412 2554 476 2611 in
503 2555 621 2628 Maj
631 2555 832 2630 estatis
871 2564 990 2613 tuse
1015 2556 1266 2631 gratiam
1301 2554 1367 2612 hi
1400 2554 1701 2622 redierint,
1740 2552 1808 2611 ea
1844 2553 2271 2617 illosexcidere
2295 2572 2490 2628 posse;
2540 2562 2650 2625 aut

337 2671 562 2728 semper
583 2652 734 2710 ‘fidos
761 2653 1062 2729 indigenas
1091 2656 1212 2711 suis
1238 2662 1300 2712 et
1325 2653 1615 2733 majorum
1644 2652 1879 2710 sedibus
1905 2652 2034 2711 ideo
2062 2652 2375 2727 ejiciendos
2402 2654 2543 2721 sore,
2572 2662 2649 2727 ut

336 2751 410 2810 iis
436 2752 771 2827 alienigenae
797 2752 903 2809 diu
931 2752 1138 2829 perfidi
1183 2751 1575 2831 succederent.
1656 2752 1715 2809 N
1717 2770 1793 2808 on
1820 2770 1985 2810 secus
2025 2752 2182 2837 acsi
2214 2770 2289 2823 ‘ea
2318 2751 2649 2809 multitudo

335 2851 487 2907 foret

1311 2933 1340 2957 ‘⁴
1354 2929 1541 2991 gallinoe
1572 2929 1696 2977 filius
1716 2930 1847 2987 albae,

911 3012 924 3026 ‘
1005 3016 1104 3063 Nos
1125 3015 1242 3062 viles
1262 3015 1380 3074 pulli
1393 3015 1495 3061 nati
1514 3014 1775 3062 infelicibus
1796 3012 1977 3062 annis.”

332 3137 393 3219 ¹N
395 3157 470 3194 011
495 3136 885 3196 modicffsane
910 3136 1124 3212 gaudio
1145 3134 1463 3205 efferimur,
1486 3134 1652 3211 quod
1670 3135 1771 3193 isti
1790 3136 1980 3193 coloni
1999 3136 2072 3193 ad
2090 3139 2300 3195 bonam
2327 3157 2388 3196 se
2410 3139 2647 3215 frugem

335 3236 648 3313 aliquando
681 3236 1022 3320 receperint,
1063 3243 1140 3305 et,
1183 3234 1400 3291 nuncio
1428 3232 1737 3292 rebellioni
1762 3234 2019 3305 remissO,
2062 3237 2241 3295 fasces
2288 3238 2647 3296 authoritati

381 3342 954 3423 ¹oe'valer.Max.1ib.iv.
979 3390 1017 3422 ο.
1045 3350 1088 3423 e.
1143 3376 1378 3444 ιοισεροι).
1395 3376 1445 3422 ii.
1499 3376 1559 3405 ¹0⁵
1583 3374 1721 3423 ovid.
1776 3371 1837 3405 ¹⁰⁶
1860 3375 1955 3424 cie„
1979 3375 2059 3423 lib.
2075 3375 2109 3422 i.
2134 3376 2208 3435 Ep
2249 3380 2291 3435 1,
2316 3377 2449 3433 ado„
2466 3378 2575 3424 frat„

401 3501 412 3533 ¹
436 3503 494 3549 In
519 3505 644 3549 1659
670 3502 886 3563 Broghill
915 3504 1010 3549 and
1033 3502 1175 3551 Coote
1205 3503 1302 3549 had
1336 3508 1438 3549 sent
1540 3498 1731 3559 Dublin‚
1776 3515 1805 3547 a
1838 3502 2113 3548 convention
2146 3503 2199 3548 of
2226 3503 2307 3547 the
2340 3508 2509 3549 estates
2548 3517 2647 3549 was

335 3588 516 3646 private
535 3588 790 3633 amimea
811 3592 860 3633 to
883 3587 1089 3636 charles.
1162 3588 1293 3635 More
1321 3589 1439 3635 than
1537 3587 1821 3645 summoned,
1856 3587 2010 3633 which
2043 3572 2140 3633 inat
2174 3588 2353 3645 116117,
2390 3590 2533 3646 1660,
2571 3602 2647 3634 re-

336 3674 431 3718 200
454 3672 628 3717 officers
648 3670 828 3731 having
843 3672 956 3717 been
971 3672 1210 3719 dismissed
1232 3672 1297 3731 by
1311 3672 1439 3717 Lud-
1538 3674 1680 3721 sisted
1700 3675 1781 3721 the
1796 3675 2035 3735 authority
2050 3675 2104 3721 of
2118 3676 2199 3721 the
2220 3675 2419 3735 English
2432 3676 2645 3733 Couneil,

335 3755 441 3811 low,
486 3755 599 3814 they
635 3754 780 3801 seimd
819 3754 998 3802 Dublin
1030 3755 1186 3803 Castle
1222 3755 1331 3815 Dec.
1361 3756 1436 3814 13,
1539 3762 1832 3820 pronounced
1852 3761 2037 3821 against
2063 3762 2144 3807 the
2171 3761 2339 3820 King's
2366 3741 2643 3819 mul-demis,

343 3842 493 3886 1659:
530 3854 559 3885 a
580 3830 772 3888 Council
795 3854 891 3887 was
912 3842 1099 3897 formed,
1132 3842 1236 3897 and,
1274 3856 1335 3888 on
1359 3843 1441 3889 the
1494 3865 1499 3871 ·
1541 3846 1633 3891 and
1650 3844 1860 3892 declared
1880 3847 1951 3892 for
1966 3860 1997 3891 a
2016 3845 2103 3891 full
2126 3846 2218 3891 and
2234 3846 2326 3891 free
2343 3845 2647 3893 Parliament.

285 3937 307 3941 “
337 3926 528 3983 petition
561 3926 614 3971 of
635 3926 716 3971 the
745 3922 913 3986 Ma'yor
932 3905 1035 3993 *and
1061 3924 1364 3985 Corporation
1395 3928 1446 3973 of
1541 3928 1623 3975 All
1638 3944 1756 3976 were
1772 3931 1842 3976 for
1856 3932 1937 3977 the
1954 3931 2257 3989 Restoration,
2277 3932 2355 3977 the
2376 3916 2490 3992 only
2506 3946 2647 3992 ques-—
