2834 4467
174 994 296 1035 1⁴:11³.

316 207 449 272 460
1091 222 1506 269 crunni-msa
1535 221 1845 267 nvsnsus.
2301 217 2448 281 [cn.
2471 216 2630 265 vm.

312 380 499 438 avitas
518 378 891 437 hereditates
916 376 1213 435 adeundas
1238 376 1504 435 demissis
1527 374 1966 433 hortationibus
1995 371 2266 439 invitant,
2296 368 2636 445 gentilitio-

312 496 429 553 que
462 476 617 545 solis,
660 484 722 533 et
758 476 913 533 lunae
946 474 1287 549 juramento
1326 492 1387 530 se
1429 473 1776 530 devinciunt
1813 471 2084 527 debitum
2119 468 2459 542 obsequium
2503 466 2642 521 illis

310 578 377 635 in
400 584 755 652 perpetuum
782 583 843 632 et
868 573 1043 631 fidem
1069 564 1409 629 inviolatam
1426 592 1472 629 a
1499 591 1560 629 se
1585 572 1907 648 praestitam
1936 570 2025 625 iri.
2094 568 2194 623 Illi
2213 566 2320 623 hac
2345 564 2642 621 ultronea

314 673 550 731 Athach
558 673 901 731 tuathorum
918 672 1185 747 obsequii
1202 671 1492 728 delatione
1518 671 1712 727 allecti
1732 670 1984 745 patriam
2011 676 2072 724 et
2092 668 2248 724 avita
2271 664 2644 741 patrimonia

312 772 582 829 loetantes
608 779 905 847 repetunt.
967 770 1108 837 Quae
1136 788 1229 826 res
1248 778 1576 825 revocatam
1597 768 1960 843 postliminio
1973 764 2406 822 faecunditatem
2427 770 2638 829 terrae,

312 878 376 927 ‘et
402 882 746 927 caeterarum
768 868 1170 925 calamitatum
1199 867 1618 925 exterminium
1645 866 1852 923 incolis
1879 864 2124 941 peperit.

435 967 705 1041 Regnum
745 966 933 1041 igitur
964 963 1295 1023 Feradacho
1334 963 1829 1021 Fionfaohtnacho
1867 962 2130 1019 delatum
2171 969 2278 1029 est,
2309 978 2424 1035 quo
2460 978 2638 1033 rege,

316 1064 625 1121 fraudibus
652 1064 879 1131 amotis,
912 1062 1155 1137 aequitas
1196 1070 1255 1119 et
1288 1062 1530 1137 justitia
1570 1062 1786 1137 passim
1822 1061 2141 1142 colebatur.
2225 1059 2364 1125 Quae
2397 1076 2494 1114 res
2541 1058 2644 1113 illi

314 1170 763 1238 cognomentum
799 1162 1055 1237 peperit:
1107 1168 1143 1193 “
1166 1159 1506 1217 Fachtuach
1527 1161 1564 1190 ”
1602 1161 1756 1217 enim
1786 1159 2098 1217 veritatem
2134 1167 2196 1217 et
2223 1156 2640 1233 integritatem

312 1261 789 1337 interpretamur.
884 1260 1205 1315 Morannus
1248 1258 1349 1317 ille
1382 1257 1824 1325 Carbreifilius
1857 1257 2101 1332 judiciis
2133 1256 2386 1313 ferendis
2423 1274 2458 1311 a
2489 1274 2644 1330 rege

312 1356 615 1414 adhibitus
632 1356 1183 1413 observantissimus
1208 1354 1506 1430 aequitatis
1521 1354 1734 1421 cultor,
1757 1345 2048 1412 annulum
2072 1353 2286 1411 habuit
2311 1352 2376 1411 ea
2397 1353 2645 1411 virtute

311 1455 642 1531 praeditum,
680 1464 754 1511 ut
780 1454 1043 1528 cujusvis
1082 1452 1301 1527 judicis
1328 1452 1676 1509 sententiam
1704 1452 2152 1527 pronuntiaturi
2177 1451 2272 1509 vel
2298 1451 2464 1509 testis
2490 1471 2642 1526 pro-

312 1556 499 1612 laturi
519 1555 921 1611 testimonium
936 1553 1087 1611 eollo
1114 1552 1532 1621 circumdatuS,
1555 1550 1715 1609 arcte
1731 1552 1926 1610 fauces
1947 1553 2346 1628 obstringeret
2359 1551 2410 1608 si
2434 1552 2644 1607 latum

314 1672 575 1730 unguem
602 1654 677 1709 ab
704 1671 871 1727 aequo
896 1652 1013 1719 ille,
1044 1660 1151 1709 aut
1178 1652 1275 1709 hic
1300 1672 1335 1709 a
1360 1672 1500 1709 vero
1525 1650 1862 1709 discederet.
1928 1652 2104 1709 Unde
2129 1651 2362 1731 vulgari
2387 1669 2646 1727 prover·-

313 1754 413 1811 bio
454 1754 697 1810 testium
738 1753 887 1810 colla
912 1750 1185 1807 Moranni
1212 1750 1430 1807 annulo
1459 1750 1618 1825 cingi
1645 1759 2008 1826 exoptamus,
2037 1749 2160 1826 quo
2189 1751 2408 1809 veritas
2431 1750 2532 1807 vel
2559 1731 2646 1807 ab

243 1854 248 1859 '
318 1852 525 1908 invitis
552 1858 997 1925 extorqueatur.
1069 1844 1443 1906 Feradachus
1465 1850 1748 1925 vigesimo
1775 1850 2028 1907 secundo
2053 1849 2223 1925 regni
2249 1870 2398 1907 anno
2421 1849 2643 1907 Temo-

160 2078 297 2124 ,Eun

177 2363 299 2402 13:113.

318 1951 420 2009 riae
449 1949 603 2007 diem
631 1949 848 2006 clausit
874 1958 1225 2005 extremum.
1296 1947 1477 2004 Anno
1505 1949 1746 2015 Domini
1769 1948 1866 2017 36,
1897 1949 2112 2031 Mundi
2135 1952 2314 2009 5235.

440 2048 797 2115 Fiathachus
825 2046 1075 2105 Finnius
1114 2066 1251 2103 eum
1286 2046 1351 2103 in
1378 2047 1548 2121 regni
1573 2034 2080 2107 administratione
2107 2057 2346 2107 secutus
2371 2056 2476 2117 est,
2507 2049 2646 2124 qua

318 2149 490 2206 illum
518 2158 578 2207 et
598 2147 725 2206 vita
748 2146 1001 2205 Fiachus
1024 2144 1404 2215 Finfoladiue
1440 2156 1572 2223 post
1599 2166 1820 2205 annum
1847 2148 2014 2225 regni
2041 2150 2305 2218 tertium,
2337 2148 2643 2225 spoliavit.

324 2249 501 2313 Anno
531 2247 772 2303 Domini
798 2249 892 2313 39,
924 2244 1139 2304 Mundi
1164 2247 1338 2305 5238.

436 2346 688 2404 Fiachus
711 2344 1065 2403 Firfaladius
1080 2345 1526 2420 cognominatus
1547 2365 1582 2403 a
1601 2345 1864 2416 candore,
1883 2366 2004 2423 quo
2031 2348 2335 2405 Hiberniae
2361 2349 2542 2405 boves
2567 2368 2646 2406 eo

320 2455 602 2521 regnante
628 2445 1117 2521 insigniebantur,
1152 2451 1187 2477 “
1208 2443 1290 2499 fin
1311 2446 1347 2475 ”
1376 2445 1533 2501 enim
1564 2451 1602 2477 “
1623 2446 1936 2503 candidum
1949 2449 1986 2479 ”
2014 2456 2075 2504 et
2106 2453 2142 2479 ‘⁶
2165 2446 2380 2505 Olaidh
2399 2447 2438 2478 ”
2469 2453 2506 2478 “
2525 2448 2646 2503 bo-

321 2564 450 2603 vem
468 2546 503 2577 ”
539 2544 847 2619 significat,
878 2542 1174 2611 Fiatacho,
1212 2554 1560 2617 surrogatus
1588 2553 1694 2603 est.
1771 2546 1960 2619 Cujus
1987 2546 2050 2601 in
2083 2546 2278 2603 animo
2303 2564 2438 2603 cum
2463 2546 2646 2603 inve-

320 2654 580 2703 teratum
608 2644 809 2703 odium
836 2663 975 2719 erga
1000 2642 1486 2701 Athachtuachos
1513 2644 1590 2699 ob
1615 2644 1985 2703 nobilitatem
2011 2646 2182 2707 malis
2207 2665 2386 2722 supra
2409 2664 2646 2703 memo-

319 2744 464 2803 ratis
504 2763 835 2818 oppressam
876 2742 1174 2811 resideret,
1218 2742 1564 2818 gravissima
1601 2742 1674 2799 iis
1707 2744 1940 2801 tributa
1978 2744 2282 2820 irrogavit,
2323 2762 2452 2819 quae
2489 2742 2646 2801 cum

316 2842 571 2901 atrocius
598 2842 775 2899 etism
806 2840 1205 2915 exigerentur,
1231 2840 1409 2916 Regis
1438 2841 1660 2898 invidie
1689 2842 1772 2899 sic
1793 2842 2231 2900 Athachthuaci
2257 2853 2642 2913 exarserunt,

316 2952 389 3007 ut
428 2940 801 2999 clandestinis
844 2938 1197 2997 coitionibus
1238 2940 1554 3015 perniciem
1595 2940 1651 2997 ei
1689 2948 1920 2999 struere
1953 2941 2318 3001 decreverint
2355 2950 2416 3000 et
2451 2946 2645 3017 gnavi

321 3040 507 3114 Reges
544 3038 996 3114 provinciarum,
1036 3036 1257 3093 scilicet
1297 3036 1578 3093 Elimium
1617 3038 1904 3095 Conrachi
1949 3039 2140 3097 filium
2173 3040 2446 3108 ultoniae,
2484 3041 2641 3098 San-

320 3139 507 3196 bhum
524 3138 714 3195 filium
731 3136 917 3195 Kethi
938 3135 1257 3203 Connaciae‚
1280 3123 1598 3196 Forbrium
1613 3137 1751 3195 Fini
1767 3137 1958 3195 filium
1975 3138 2302 3207 Momoniae,
2323 3150 2388 3196 et
2399 3138 2638 3196 Eocho-

322 3239 485 3296 dium
511 3237 805 3304 Anchean,
832 3236 1098 3311 Lageniae
1115 3234 1331 3310 Regem
1360 3236 1582 3292 animos
1603 3237 1667 3293 in
1687 3236 1967 3294 Fiachum
1985 3238 2350 3295 exulceratos
2367 3240 2638 3314 gessisse,

321 3335 456 3393 cum
486 3356 681 3392 omnes
716 3343 931 3411 praeter
957 3334 1211 3409 priorem
1238 3352 1313 3390 ex
1341 3335 1603 3409 ipsorum
1631 3354 1843 3409 genere
1869 3336 2111 3403 fuerint,
2143 3356 2273 3411 quae
2310 3337 2638 3394 molieban-

386 3522 420 3547 η·
438 3514 704 3561 Mentioned
727 3514 791 3573 by
808 3511 1097 3572 'righer-nach
1120 3524 1173 3557 as
1193 3524 1426 3557 commen-
1526 3494 1661 3555 hef‘y
1685 3492 1916 3556 (09993‘1,
1941 3494 2128 3569 2301)
2151 3497 2314 3543 makess
2339 3496 2442 3542 him
2475 3497 2528 3543 Of
2555 3498 2640 3543 the

319 3600 429 3659 cing
444 3598 518 3644 his
534 3598 865 3655 twenty-three
876 3596 1025 3655 years'
1040 3594 1171 3653 reign
1189 3594 1247 3639 A.
1268 3594 1328 3639 D.
1346 3594 1423 3639 85.
1525 3596 1630 3628 ”00
1649 3582 1716 3627 ’οῙ
1745 3583 1826 3627 ‘¹1⁶
1858 3582 2013 3638 Emais
2039 3583 2120 3628 the
2151 3584 2251 3629 first
2283 3582 2642 3629 Eioessmotfimts

384 3688 407 3713 ¹²
426 3681 717 3741 Tighernach
740 3680 970 3726 mentions
980 3678 1079 3723 him
1098 3679 1146 3723 in
1164 3678 1259 3724 this
1276 3678 1419 3736 reign.
1525 3668 1630 3713 who
1650 3666 1881 3727 {acquired
1919 3680 2012 3725 any
2051 3668 2328 3725 possessione
2369 3668 2420 3712 in
2457 3667 2634 3713 muter.

323 3769 411 3813 For
433 3768 504 3814 his
532 3765 782 3813 wonderful
804 3762 961 3819 collar,
988 3762 1136 3809 called
1165 3761 1284 3806 Iodla
1314 3760 1419 3805 Μο-
1525 3749 1656 3811 They
1676 3749 2081 3813 Wfll'fl'Jdesoesstled,
2108 3750 2166 3795 he
2197 3762 2318 3809 δεμ,
2351 3750 2474 3795 from
2505 3746 2638 3797 Olild

218 3906 223 3911 ,
322 3854 445 3912 min,
472 3854 563 3897 and
584 3853 717 3897 other
733 3849 905 3905 stoi-ies,
929 3862 1002 3893 see
1026 3846 1241 3905 Κρατίνῳ.
1519 3836 1694 3893 Aronn,
1710 3836 1944 3893 grandson
1957 3834 2188 3881 ofAEneas
2203 3833 2478 3880 'ruit-moach
2493 3832 2636 3895 (ibid.

388 3942 410 3965 ⁰
432 3936 527 3982 Not
549 3935 809 3981 mentioned
824 3935 887 3992 by
905 3931 1209 3990 'righer-nach.
1252 3928 1417 3977 O’Fls-
1519 3935 1563 3979 p·
1589 3921 1742 3983 266);
1777 3922 1873 3978 but,
1909 3934 1962 3967 as
1991 3922 2120 3967 there
2141 3934 2238 3966 was
2269 3934 2299 3965 a
2319 3920 2442 3966 tribe
2460 3920 2514 3965 of
2533 3918 2636 3963 Fir-
