2834 4467
332 216 457 301 189
1098 230 1507 277 causannffls
1537 230 1846 277 avnasns.
1895 222 1910 229 ·
2365 234 2516 300 [off.
2543 236 2640 284 111.

326 384 445 447 460
472 386 751 456 florentiS‚
781 387 1106 461 Majoriano
1146 385 1496 463 imperatore
1523 385 1647 460 jam
1673 384 1910 443 desiisse
1935 392 2058 442 tam
2081 385 2145 442 in
2171 386 2410 461 Belgiis,
2453 386 2639 461 quam

326 485 643 562 provinciis
672 484 1178 554 trans-Rhenanis,
1210 502 1385 559 quam
1427 484 1604 557 etiam
1627 502 1754 541 rem
1780 484 1988 561 Lupus
2015 484 2409 543 Ferrariensis
2434 486 2498 543 in
2525 485 2638 544 sua

328 582 580 659 quadam
609 582 855 659 epistolii
880 582 1266 641 confirmat².”
1324 620 1333 625 -

446 666 685 740 Nemini
710 679 974 758 profecto
996 700 1259 757 unquam
1274 682 1369 739 vel
1395 678 1680 751 dedecori,
1699 681 1792 740 vel
1818 681 2253 759 impedimento,
2283 682 2405 741 imo
2434 683 2640 761 potitis

326 778 535 836 honori
574 779 753 856 quam
794 779 959 836 oneri
998 778 1120 836 fuit
1164 778 1433 855 plurium
1472 779 1804 854 cognitione
1839 779 2180 856 linguarum
2211 781 2417 839 imbui.
2499 782 2640 841 Non

324 878 551 935 modica
575 877 940 935 Mithridatis
956 878 1137 935 Ponti
1153 878 1329 953 Regis
1346 878 1768 935 commendatio
1782 878 1855 935 ad
1873 880 2276 955 posteritatem
2297 881 2642 939 transmissa

328 985 435 1045 est,
468 975 632 1051 quod
658 976 912 1033 duarum
940 985 1001 1034 et
1026 977 1243 1053 viginti
1268 977 1554 1052 gentium,
1584 995 1729 1051 quas
1767 978 1880 1034 sub
1917 977 2141 1035 ditione
2165 977 2379 1036 habuit
2403 979 2640 1055 linguas

324 1075 695 1151 percaluerit,
738 1094 1057 1150 earumque
1096 1076 1362 1151 gentium
1408 1074 1746 1134 hominibus
1786 1077 2005 1153 absque
2043 1078 2368 1154 interprete
2397 1079 2640 1139 locutus

324 1176 546 1235 fuerit&
626 1176 875 1235 Romani
914 1177 1090 1234 etiam
1126 1176 1353 1253 aliquot
1388 1157 1706 1234 Poenorum
1746 1177 2028 1254 linguam,
2059 1176 2218 1253 quod
2253 1179 2318 1236 in
2349 1178 2417 1237 eii
2443 1181 2640 1237 nescio

326 1273 471 1350 quid
512 1274 797 1351 scriptum
840 1294 958 1331 non
997 1271 1219 1332 insulse
1256 1274 1377 1331 suit
1410 1274 1573 1331 haud
1600 1292 1841 1350 prorsus
1867 1275 1982 1332 sibi
2009 1294 2131 1333 esse
2156 1278 2640 1335 contemnendam

324 1370 637 1449 putarunt.
710 1357 1059 1430 Alienarur‘n
1086 1371 1242 1430 enim
1277 1371 1666 1447 cognitionem
1695 1372 2037 1448 linguarum
2062 1373 2230 1431 nulla
2255 1392 2520 1449 unquam
2545 1393 2638 1433 re·

324 1470 598 1549 pudiavit
633 1470 973 1546 antiquitas,
1018 1470 1204 1541 omnis
1232 1488 1460 1545 semper
1485 1470 1753 1545 amplexa
1787 1479 1876 1529 est
1914 1469 2266 1529 humanitas.
2345 1472 2640 1531 Videmus

326 1592 422 1630 eos
442 1573 547 1647 qui
565 1571 847 1647 plurimas
867 1571 1025 1628 orbis
1047 1578 1217 1629 terrae
1242 1570 1508 1646 regiones
1527 1570 1846 1629 itineribus
1866 1570 2277 1647 peragrarunt,
2301 1579 2380 1640 et,
2403 1571 2639 1647 lingua-

325 1689 463 1727 rum
488 1669 721 1748 peritia,
760 1687 896 1725 cum
922 1652 1165 1725 diversis
1191 1668 1530 1725 nationibus
1557 1667 1985 1737 commercium,
2022 1688 2055 1725 e
2090 1668 2436 1726 commercio
2477 1688 2639 1725 sum·

326 1788 480 1825 mam
508 1767 903 1845 prudentiam,
934 1767 1309 1844 comparasse.
1394 1768 1484 1825 Ut
1511 1767 1766 1825 Ulissem
1793 1768 2088 1825 Homerus
2113 1766 2290 1827 unice
2304 1767 2560 1827 laudet:

852 1903 1151 1951 “Multorum
1173 1886 1322 1952 mores
1340 1905 1583 1952 hominum
1605 1901 1687 1965 {lui
1707 1905 1827 1951 vidit
1847 1910 1895 1952 et
1915 1904 2092 1952 urbes.”

446 2022 617 2079 Sicut
638 2022 793 2079 enim
820 2021 1302 2097 peregrinatoreffi
1331 2020 1588 2079 induciis
1615 2021 1687 2078 ad
1713 2030 1946 2098 tempus
1965 2040 2102 2081 cum
2121 2020 2348 2079 laribus
2373 2021 2644 2097 paternis

328 2128 388 2177 et
407 2120 674 2194 jucunda
697 2120 1165 2195 propinquorum
1190 2120 1614 2177 consuetudine
1640 2119 1824 2190 factis,
1854 2119 2191 2177 admiranda
2215 2121 2514 2177 variarum
2537 2139 2643 2177 na·-

186 2216 307 2283 [16]
330 2218 560 2276 tionum
601 2216 610 2297 Ι
643 2226 1003 2285 scrutantur,
1048 2237 1237 2275 mores
1279 2217 1706 2293 asperiusculos
1746 2217 1889 2275 lima
1926 2217 2416 2294 peregrinationis
2457 2218 2643 2275 emol-

326 2318 515 2386 liunt;
542 2328 603 2375 et
621 2317 999 2375 domesticam
1011 2318 1404 2395 rusticitatem
1424 2316 1616 2373 exteri
1637 2313 1837 2373 cultfis
1857 2316 1974 2373 sale
1993 2325 2303 2384 macerant,
2323 2317 2406 2373 sic
2433 2315 2641 2374 eadem

326 2415 503 2491 opera
528 2416 827 2472 variarum
867 2416 1205 2490 linguarum
1245 2413 1318 2470 iis
1346 2412 1703 2488 regionibuS‚
1746 2431 1890 2487 quas
1915 2421 2356 2488 percurrerunt,
2385 2413 2641 2470 familia·

326 2513 485 2571 rium
522 2514 795 2571 notitiam
828 2512 1167 2584 hauriunt„
1230 2510 1407 2581 Quod
1445 2512 1496 2569 si
1531 2511 1728 2586 aliqua
1759 2511 1919 2569 inter
1953 2512 2447 2587 peregrinandum
2487 2513 2644 2569 vitia

326 2612 748 2679 contraxerint,
792 2632 909 2668 non
948 2612 1169 2687 linguis
1200 2610 1368 2677 illud,
1413 2611 1514 2667 sed
1552 2611 1716 2667 malae
1758 2628 1876 2667 suoe
1916 2609 2103 2667 indoli
2145 2610 2457 2667 ascribant.
2539 2611 2642 2669 Sic

327 2719 401 2766 ut
427 2730 459 2766 e
487 2708 692 2787 thymo
718 2710 833 2767 mel
859 2710 999 2785 apis,
1044 2728 1252 2767 aranea
1276 2727 1568 2766 venenum
1596 2709 1823 2783 exugit‚
1856 2709 1939 2765 sic
1965 2727 1998 2764 a
2023 2707 2243 2784 linguis
2270 2710 2491 2765 bonum
2530 2720 2642 2768 aut

326 2806 551 2863 malum
587 2826 695 2882 pro
720 2826 827 2863 suo
854 2808 1104 2883 quisque
1130 2806 1375 2864 arbitrio
1401 2807 1578 2865 elicit.
1659 2807 1897 2863 Etenim
1935 2806 2022 2863 nil
2062 2807 2300 2884 prodest
2325 2807 2485 2883 quod
2517 2828 2640 2867 non

327 2905 537 2963 laedere
562 2906 746 2982 possit
770 2906 943 2963 idem.
1024 2908 1127 2963 An
1162 2906 1266 2982 qui
1302 2906 1610 2982 peregrino
1637 2904 1914 2963 idiomate
1937 2904 2203 2980 linguam
2229 2904 2466 2973 imbuit,
2511 2908 2639 2963 ani·

327 3021 492 3065 mum
519 3004 835 3062 rebellione
858 3004 922 3060 in
949 3003 1198 3079 patriam
1224 3000 1486 3059 inficiet?
1549 3002 1711 3061 Num
1737 3000 1938 3071 Walli,
1963 3001 2128 3077 quod
2155 3002 2392 3059 Wallici
2417 3023 2639 3063 sermo-

243 3164 249 3170 ,
326 3101 419 3159 nis
459 3101 789 3176 cognitione
825 3100 1059 3177 praediti
1098 3109 1256 3169 sunt,
1289 3100 1523 3175 Angliae
1565 3100 1932 3176 principibus
1972 3100 2320 3176 obsequium
2355 3111 2641 3177 praestare

328 3195 773 3279 detrectabant?
854 3198 1195 3257 Armoricos
1233 3198 1297 3255 in
1327 3197 1538 3265 Gallia,
1567 3198 1862 3255 Vascones
1889 3199 2212 3255 Cantabros
2250 3199 2315 3255 in
2343 3198 2636 3276 Hispania

328 3318 363 3355 a
390 3316 632 3354 suorum
658 3316 866 3373 regum
891 3297 1154 3373 imperiis
1177 3316 1293 3354 non
1320 3295 1634 3353 desciscere
1649 3296 1931 3364 videmus,
1948 3294 2125 3371 ¹quod
2152 3314 2412 3355 sermone
2437 3316 2472 3355 a
2499 3318 2637 3357 suo-

330 3415 465 3453 rum
491 3397 826 3472 principum
850 3396 1058 3472 lingua
1078 3397 1307 3454 diverso
1333 3403 1614 3453 utuntur.
1700 3394 1954 3457 Hiberni
1981 3405 2176 3453 tamen
2199 3395 2249 3453 si
2273 3396 2468 3471 patrio
2486 3398 2638 3455 idio-

329 3504 489 3552 mate
502 3495 717 3552 tritum
743 3502 804 3551 et
829 3503 1213 3570 pervagatum
1238 3493 1575 3562 habuerint,
1597 3512 1672 3550 an
1697 3492 1993 3551 continu&
2005 3494 2321 3569 perniciem
2348 3495 2443 3553 sui
2469 3496 2638 3573 prin-

712 3633 735 3665 2
758 3630 965 3677 Historia
986 3631 1044 3677 de
1065 3630 1321 3689 Britannia,
1344 3629 1427 3677 lib.
1451 3629 1482 3676 i.
1505 3643 1608 3689 cap.
1629 3631 1706 3677 12.
1770 3632 1791 3664 ³
1813 3628 2008 3690 Plinius,
2035 3628 2229 3679 Gellius.

396 3754 419 3787 ‘¹
454 3756 523 3805 St.
541 3757 803 3817 Augustine
825 3756 1003 3803 alludes
1032 3761 1081 3803 to
1110 3756 1189 3803 the
1210 3756 1359 3803 Punic
1378 3755 1429 3801 in
1527 3754 1643 3801 Afer
1666 3754 1869 3803 scribens
1896 3754 2037 3813 Afris,
2071 3758 2179 3802 cnm
2207 3756 2352 3823 simus
2371 3758 2559 3818 utrique
2589 3762 2640 3807 ia

333 3855 363 3888 a
381 3840 519 3889 letter
538 3846 589 3887 to
602 3840 872 3888 Maximus:
913 3841 1121 3900 “Neque
1140 3840 1263 3887 enim
1284 3854 1432 3900 usque
1527 3837 1690 3889 Africa
1703 3840 1939 3888 constituti
1957 3840 2134 3888 Punica
2148 3842 2336 3889 nomina
2345 3845 2644 3903 exagitanda

334 3926 449 3975 adeo
475 3926 674 3987 teipsum
708 3926 919 3975 oblivisci
956 3926 1179 3985 potuisses
1209 3931 1265 3973 ut
1292 3926 1430 3973 homo
1529 3925 1940 3987 existimas—quse
1967 3924 2144 3985 lingua,
2174 3926 2216 3975 si
2241 3926 2532 3987 improbatur
2553 3931 2642 3979 abs
2721 3947 2742 3961 ‘
