2834 4467
350 206 475 271 354
1118 220 1531 269 canamsrs
1559 222 1872 269 ssvnnsus.
2395 226 2564 291 [cu.
2591 226 2697 275 Ἦ.

346 378 475 435 Deo
496 376 765 445 solemne.
826 378 949 436 Nec
968 376 1139 437 video
1154 378 1445 454 quomodo
1471 396 1532 437 se
1553 378 1850 449 Giraldus,
1873 376 2096 437 honore
2113 379 2346 455 integro
2363 376 2692 447 tuebitur,

345 479 461 534 nisi
488 498 521 536 e
546 498 747 555 campo
774 480 979 558 Elysio
1004 498 1111 537 sua
1136 479 1359 537 somnia
1383 482 1708 549 accerserit,
1737 482 1847 539 ubi
1951 502 1976 527 ¹·

827 636 992 685 “Sunt
1012 636 1210 697 geminae
1233 634 1380 682 somni
1401 639 1559 695 portae,
1583 648 1781 695 quarum
1804 634 1951 683 altera
1971 634 2117 680 fertur

867 722 1064 780 Cornua,
1089 719 1182 781 qua
1206 722 1325 768 veris
1345 722 1496 767 facilis
1517 722 1656 767 datur
1678 721 1838 766 exitus
1861 721 2038 768 umbris
2061 738 2072 777 3

866 805 1031 852 Altera
1050 806 1265 852 candenti
1284 806 1488 864 perfecta
1509 806 1660 851 nitens
1680 804 1925 863 elephanto

868 888 960 938 Sed
978 888 1098 939 falsa
1117 888 1179 937 ad
1200 888 1370 935 coelum
1389 890 1588 935 mittunt
1605 889 1836 938 insomnia
1855 884 2063 934 manes.”

466 1027 525 1085 N
527 1046 601 1084 on
630 1026 843 1085 dubito
863 1025 1007 1103 quin
1034 1025 1143 1085 hac
1164 1026 1424 1088 eburnea
1447 1026 1621 1103 porta
1644 1026 1873 1084 Giraldi
1894 1024 2132 1083 somniis
2151 1022 2226 1082 ab
2242 1022 2452 1103 Elysio
2471 1046 2686 1102 egres·

348 1145 447 1183 sus
478 1126 756 1203 patuerit.
837 1126 926 1183 Ut
952 1125 1148 1183 videas
1176 1124 1402 1182 summa
1433 1110 1778 1195 temeritate,
1811 1145 1876 1183 ac
1909 1124 2175 1181 extrema
2201 1124 2539 1201 pertinacia
2573 1126 2684 1182 Gi-

346 1224 578 1281 raldum
616 1223 923 1293 laborasse,
967 1224 1073 1299 qui
1108 1224 1457 1281 sententiam
1494 1224 1669 1284 sacris
1705 1224 1910 1293 literis,
1949 1222 2236 1300 patribua
2273 1231 2334 1279 et
2367 1224 2686 1279 naturalis

346 1325 665 1400 disciplinae
693 1324 942 1387 oraculis
969 1324 1368 1381 adversantem
1395 1323 1702 1399 amplexus
1722 1330 1827 1378 est.

460 1422 697 1481 Verum
733 1422 1074 1497 hujusmodi
1112 1422 1480 1491 temeritatis,
1523 1442 1589 1478 ac
1625 1421 1958 1497 pertinaciae
1984 1420 2230 1489 macula,
2260 1420 2362 1477 ille
2389 1440 2426 1477 a
2452 1422 2681 1479 caeterz'i

350 1523 783 1597 superstitionis
818 1521 1126 1597 disciplina
1166 1519 1505 1578 imbibenda
1541 1520 1794 1577 coerceri
1828 1538 1945 1576 non
1981 1520 2203 1595 potuit.
2283 1520 2458 1577 Sicut
2510 1521 2680 1577 enim

350 1621 509 1677 unda
548 1621 887 1695 supervenit
928 1620 1118 1689 undae,
1163 1628 1223 1677 et
1263 1620 1363 1677 alii
1398 1620 1618 1676 fluctus
1653 1628 1788 1695 post
1824 1619 2007 1674 alium
2042 1618 2392 1675 succedunt:
2439 1620 2532 1675 sic
2572 1620 2680 1676 ille

352 1718 841 1794 superstitionum
883 1720 1113 1777 artibus
1148 1718 1273 1795 jam
1311 1718 1536 1775 affatim
1570 1719 1859 1786 imbutus,
1906 1717 2186 1774 aviditate
2226 1725 2435 1793 captus
2469 1727 2571 1775 oet
2614 1720 2678 1774 in

350 1818 528 1894 adyta
554 1817 916 1893 penetrandi,
954 1827 1015 1875 et
1040 1818 1111 1875 ad
1140 1818 1500 1875 somniorum
1526 1817 1826 1875 scientiam
1853 1816 2240 1891 auguriorum
2266 1816 2677 1891 cognitionem

354 1914 729 1991 adjungendi.
812 1915 927 1973 Sed
966 1922 1218 1990 caeptum
1255 1923 1377 1972 tam
1413 1915 1588 1971 irrito
1612 1923 1830 1971 eventu
1863 1912 2092 1980 clausit,
2137 1914 2316 1987 quam
2348 1918 2680 1971 temerario

216 2023 333 2089 [45]
356 2006 507 2071 ausu
532 2014 801 2090 suscepit.
868 2012 877 2093 Ι
940 2020 978 2046 “
998 2014 1133 2071 Non
1159 2012 1411 2081 multo‚”
1458 2014 1673 2087 inquit,
1720 2012 1866 2069 “vel
1898 2012 2138 2091 b-iennio
2165 2019 2302 2068 ante
2335 2011 2673 2069 adventum

354 2114 687 2188 Anglorum
708 2112 863 2187 apud
884 2110 1340 2169 Carlenfordiam
1360 2110 1423 2167 in
1441 2108 1705 2179 Ultonia,
1725 2110 1896 2186 piscis
1915 2110 2191 2166 inventus
2209 2116 2297 2166 est
2317 2118 2440 2166 tres
2460 2110 2676 2167 dentes

350 2232 555 2270 aureos
581 2212 816 2293 bahem,
847 2212 1275 2287 quinquaginta
1299 2211 1609 2267 unciarum
1631 2209 1861 2285 pondus
1889 2209 2284 2277 continente83
2311 2226 2494 2265 aurea
2509 2210 2673 2267 forte

349 2311 727 2378 imminentiS,
758 2320 819 2367 et
844 2307 1110 2386 proxime
1136 2310 1355 2365 futurae
1382 2307 1830 2383 conquisitionis
1858 2314 2120 2381 tempora
2153 2306 2673 2381 praesagientesfflfl

351 2409 615 2465 Clitellas
640 2408 781 2465 bovi
806 2408 1061 2483 adaptat,
1090 2407 1197 2482 qui
1220 2416 1342 2464 tam
1368 2406 1616 2463 alienam
1643 2404 2187 2481 interpretationem
2213 2403 2357 2460 huic
2391 2406 2670 2481 prodigio

348 2507 593 2583 affingit.
677 2509 741 2565 Si
770 2508 916 2583 quid
950 2508 1103 2564 enim
1135 2506 1436 2563 Hiberniae
1473 2504 1696 2571 ineolis,
1739 2513 1846 2561 aut
1885 2502 2157 2560 Ecclesiae
2186 2502 2297 2559 Dei
2335 2504 2664 2577 portendit,

346 2624 464 2662 non
492 2615 686 2681 potest
713 2625 850 2673 esse,
895 2606 1009 2662 nisi
1043 2606 1345 2661 funestum
1374 2621 1572 2659 omen:
1613 2603 1664 2657 si
1700 2602 2116 2677 praesagiorum
2142 2600 2452 2657 veritatem
2490 2621 2665 2659 even-

347 2712 525 2759 tuum
552 2704 935 2760 aestimatione
959 2703 1158 2759 metiri
1183 2702 1339 2758 licet.
1420 2700 1570 2757 Nam
1601 2698 1858 2757 Hiberni
1874 2698 2068 2755 multa
2093 2698 2300 2774 patriae
2319 2706 2490 2774 parte
2507 2702 2665 2757 mu]-
2737 2706 2756 2727 ‘

348 2802 460 2858 tati
488 2811 646 2869 sunt,
660 2808 737 2858 ‘et
754 2802 1011 2859 Ecclesia
1026 2800 1171 2858 faede
1188 2800 1510 2856 deformata
1535 2807 1640 2856 est.
1710 2798 1872 2854 Illud
1894 2797 2171 2855 Giraldus
2191 2798 2402 2874 passim
2419 2801 2662 2869 asserit3

348 2900 457 2957 hoc
476 2899 839 2957 enucleatius
860 2886 1198 2975 exaggerat:
1228 2899 1315 2956 ita
1333 2907 1406 2955 ut
1426 2898 1615 2974 prima
1633 2898 1734 2954 illa
1754 2896 2087 2973 Anglorum
2105 2896 2167 2951 in
2188 2895 2480 2953 Hibernia
2499 2917 2662 2971 gras-

348 3000 605 3057 santium
633 3006 895 3076 tempora
929 3018 1047 3055 non
1074 3017 1249 3055 aurea
1275 2998 1379 3055 sed
1400 2998 1590 3057 ferrea
1613 2996 1856 3065 fuerint,
1885 2996 2104 3070 quibus
2131 2994 2290 3051 ferro
2314 2994 2542 3069 ubique
2573 2997 2660 3052 in-

349 3100 635 3156 sultatum
661 3108 765 3156 est.
850 3098 964 3156 Sed
990 3099 1297 3155 audiamus
1322 3118 1498 3173 quam
1527 3096 1600 3153 de
1625 3094 1897 3171 oppressa
1923 3093 2185 3151 Ecclesia
2211 3094 2335 3170 ipse
2361 3094 2658 3169 querelam

348 3197 641 3255 instituit:
676 3203 712 3229 “
729 3198 1083 3265 Mendicat‚”
1101 3197 1315 3271 inquit,
1354 3202 1393 3227 “
1409 3196 1589 3251 miser
1602 3194 1666 3252 in
1685 3192 1883 3249 insula
1903 3193 2131 3260 Oleum,
2156 3193 2364 3267 lugent
2387 3192 2658 3250 Ecclesiae

352 3296 743 3365 cathedrales,
775 3298 949 3355 terris
976 3296 1099 3353 suis
1124 3304 1185 3353 et
1210 3294 1454 3372 praediis·
1482 3294 1690 3369 amplis
1720 3292 2015 3368 quondam
2043 3292 2158 3349 sibi
2183 3292 2436 3349 fideliter
2463 3301 2524 3349 et
2560 3293 2653 3350 de·

348 3394 485 3453 vote
512 3396 737 3469 collatis
765 3396 1049 3473 spoliatae:
1076 3402 1137 3451 et
1154 3394 1236 3451 sic
1256 3393 1574 3451 Ecclesiam
1601 3393 1860 3449 exaltare
1875 3388 2126 3451 versum·
2139 3399 2228 3448 est
2253 3390 2317 3447 in
2339 3390 2656 3449 Ecclesiam

350 3494 693 3571 spoliare³⁵.”

641 3625 681 3661 ³4
702 3624 815 3684 Top.
839 3625 945 3671 dist.
962 3624 1009 3670 ii.
1034 3638 1075 3671 e.
1102 3624 1177 3671 10.
1256 3624 1298 3657 ³⁶
1322 3622 1618 3669 Prooemium.
1637 3619 1726 3669 2¹¹·
1743 3621 1958 3667 editionis
1981 3620 2109 3670 Hibe
2143 3620 2352 3681 Expuge

358 3748 365 3755 ⁵
415 3766 439 3800 Ρ
460 3760 537 3806 An
558 3760 830 3819 interesting
850 3760 942 3805 and
964 3758 1235 3805 instructive
1255 3758 1448 3817 parallel
1547 3758 1704 3804 teenth
1718 3758 1960 3804 centul-ies.
2009 3758 2095 3804 Dr.
2113 3758 2278 3818 Lynch
2301 3757 2556 3819 frequently
2577 3759 2646 3805 in-

349 3846 504 3904 might
524 3846 582 3891 be
603 3846 764 3891 drawn
786 3846 991 3891 between
1024 3846 1105 3891 the
1136 3845 1379 3904 spoliation
1402 3844 1457 3891 of
1547 3825 1712 3907 veighs
1755 3848 1941 3907 against
1973 3849 2052 3895 the
2087 3848 2384 3909 sacrilegious
2428 3850 2647 3896 robberies

350 3928 430 3973 the
452 3928 573 3977 Irish
596 3929 782 3977 Church
811 3930 859 3975 in
898 3930 977 3976 the
1011 3929 1193 3977 twelfth
1220 3923 1315 3975 'and
1344 3931 1443 3977 six·
1548 3934 1814 3981 committed
1839 3934 1900 3995 by
1925 3934 2004 3981 the
2025 3935 2126 3981 first
2145 3934 2376 3983 invaders.
