2834 4467
359 202 493 309 176·
1131 220 1545 269 cinnannsrs
1575 220 1884 267 ενιπευς.
2397 220 2554 287 [cu.
2578 222 2676 271 111.

354 375 497 433 colis
528 395 565 433 a
602 373 737 434 sede
778 373 889 433 sua
926 392 1045 433 non
1083 374 1341 444 remotis,
1380 393 1610 432 summo
1644 392 1782 431 cum
1817 372 2062 449 imperio
2099 371 2188 429 ita
2225 380 2456 449 proeest,
2494 379 2572 431 ut
2595 374 2677 431 ad

354 474 572 551 linguae
616 493 753 543 suae,
800 456 1075 544 vestium,
1124 481 1187 532 et
1226 474 1426 550 legum
1473 472 1939 531 communionem
1983 470 2444 547 amplectendam
2479 472 2676 531 victos

354 571 590 648 adigat¹.
670 572 795 630 Has
830 570 1287 648 expugnationis
1321 572 1502 647 justae
1544 570 1700 645 leges
1739 567 1939 645 potitis
1975 588 2008 626 e
2047 570 2286 626 cerebro
2325 587 2436 627 suo
2471 569 2676 627 Stani-

354 669 651 739 hurstum,
681 670 859 746 quam
876 690 909 728 e
927 671 1280 746 scriptorum
1306 668 1700 726 monumentis
1719 666 2142 743 deprompsisse
2166 675 2389 742 putem,
2413 686 2673 743 quarum

354 776 551 826 tamen
573 769 623 827 si
641 769 839 845 aliqua
856 767 1220 827 desideretur
1239 767 1735 843 expugnationem
1761 765 2088 823 claudicare
2112 784 2340 825 necesse
2359 785 2484 824 esse
2497 766 2671 825 dicit.

296 909 305 931 .
355 854 567 925 Plures
592 876 787 924 tamen
814 866 1031 924 evictas
1070 874 1271 942 gentes
1308 865 1525 923 idioma
1551 883 1744 933 suum,
1773 864 2030 921 vestium
2065 864 2328 934 formam,
2369 865 2670 939 majorum

354 963 650 1032 instituta,
679 963 1043 1021 vincentium
1078 961 1299 1039 lingufi,
1329 962 1551 1019 amictu
1588 970 1694 1018 aut
1728 962 1944 1018 ritibus
1970 980 2090 1032 non
2115 960 2377 1019 mutasse
2415 971 2667 1021 constat.

356 1062 451 1120 Ita
469 1071 543 1121 ut
566 1064 631 1121 in
649 1062 743 1120 his
762 1061 1099 1119 indubitata
1117 1061 1570 1137 expugnationis
1595 1060 1811 1118 indicia
1827 1059 2121 1133 ,constitui
2145 1080 2263 1117 non
2283 1061 2528 1137 possint.
2576 1062 2670 1119 Ut

354 1168 552 1219 autem
579 1160 881 1237 sigillatim
897 1160 1364 1235 unumquodque
1380 1178 1833 1235 prosequamur3
1862 1177 1980 1215 non
2007 1156 2144 1215 rard
2165 1158 2415 1216 victores
2433 1161 2666 1236 populi,

355 1258 429 1316 ad
454 1268 739 1335 superatae
765 1259 1021 1317 nationis
1042 1259 1307 1334 linguam
1320 1257 1620 1316 communi
1639 1275 1902 1315 sermone
1927 1255 2331 1313 celebrandam
2357 1275 2419 1315 se
2437 1276 2666 1315 accom-

353 1356 689 1415 moddrunt.
730 1357 962 1415 Italiam
985 1356 1227 1431 Trojani
1254 1356 1608 1432 subjugasse
1633 1356 1935 1425 dicuntur,
1965 1355 2207 1413 victoris
2232 1364 2428 1413 tamen
2453 1356 2667 1434 lingua

352 1453 416 1511 in
441 1453 886 1513 desuetudinem
912 1456 1185 1523 abeunte,
1225 1454 1635 1531 indigenarum
1671 1453 1904 1529 loquela
1942 1472 1976 1511 a
2001 1454 2346 1523 victoribuS,
2385 1462 2448 1512 et
2486 1456 2666 1513 victis

352 1552 723 1628 frequentata
749 1561 856 1623 est,
888 1553 1047 1629 quod
1072 1554 1368 1629 Virgilius
1394 1552 1612 1621 innuit,
1645 1554 1794 1611 Jove
1821 1553 1861 1610 J
1864 1544 2048 1609 unoni
2075 1560 2372 1610 annuente
2395 1554 2524 1611 fore
2551 1564 2627 1612 ut

860 1686 895 1715 “
912 1683 1179 1733 Sermonem
1199 1684 1396 1731 Ausonii
1417 1683 1620 1745 patriam
1639 1696 1880 1743 moresque
1900 1683 2150 1729 tenerent.”
2183 1712 2190 1717 -

350 1799 599 1857 Romani
614 1820 849 1877 quoque
876 1820 1198 1859 sermonem
1218 1801 1491 1859 Graecum
1510 1799 1775 1875 quamvis
1792 1798 2185 1876 peregrinum,
2209 1807 2270 1857 et
2297 1800 2518 1876 populo
2545 1820 2582 1857 a
2603 1820 2665 1857 ae

348 1898 637 1957 debellato
661 1900 889 1958 avitum
915 1898 1083 1957 avide
1099 1899 1482 1957 imbibebant.
1523 1898 1582 1955 N
1583 1896 1850 1955 ormanni
1869 1897 2046 1954 etiam
2061 1896 2136 1953 ad
2152 1897 2418 1973 linguam
2439 1897 2666 1974 Anglis

292 1992 310 2003 ⁸
349 2014 385 2053 a
410 2014 472 2053 se
495 1995 739 2054 devictis
770 1996 1111 2053 familiarem
1138 1994 1322 2073 vulgo
1364 1995 1764 2072 usurpandam
1789 1991 2028 2053 tandem
2062 1996 2447 2055 deflexerunt.
2529 1996 2664 2055 Imb

208 2102 325 2169 [15]
349 2112 456 2170 par
482 2102 571 2151 est
602 2092 611 2171 Ι
642 2093 875 2152 credere
890 2094 1064 2152 victis
1089 2104 1291 2171 gentes
1318 2095 1413 2152 sui
1439 2094 1640 2171 potius
1660 2092 1962 2163 commodi,
1995 2094 2174 2170 quam
2200 2094 2347 2171 legis
2373 2114 2407 2177 a
2432 2096 2666 2155 victore

346 2193 479 2251 latae
505 2212 694 2263 causa,
725 2192 799 2249 ad
824 2193 1189 2251 vincentium
1214 2194 1480 2270 linguam
1505 2192 1801 2269 calendam
1829 2193 2050 2251 animos
2075 2174 2168 2267 adj
2177 2194 2434 2253 unxisse.
2500 2195 2664 2254 Cum

346 2290 502 2349 enim
522 2290 597 2347 ad
621 2290 987 2349 vincentium
1012 2291 1336 2349 tribunalia
1361 2291 1572 2350 crebro
1603 2312 1664 2350 se
1689 2292 1894 2351 sistere
1918 2293 2106 2351 victos
2133 2293 2416 2370 oportuit,
2434 2294 2662 2371 linguae

344 2409 380 2448 a
417 2390 726 2465 judicibus
761 2399 1047 2469 perceptae
1082 2390 1343 2449 subsidio
1382 2391 1456 2448 ad
1482 2410 1713 2449 causam
1741 2392 2116 2451 obtinendam
2143 2393 2238 2449 uti
2263 2412 2492 2451 necesse
2516 2394 2660 2453 fuit.

347 2498 387 2525 ‘⁶
402 2492 461 2549 N
462 2512 555 2549 am
584 2493 831 2550 Romani
855 2501 1133 2570 praetores
1164 2494 1267 2569 jus
1299 2513 1417 2571 ¹nec
1460 2494 1750 2563 dicebant,
1789 2514 1896 2553 nec
1927 2495 2356 2572 respondebant
2391 2496 2510 2554 nisi
2547 2498 2660 2555 sua

344 2588 568 2664 lingua.
612 2588 741 2647 Imo
774 2591 1021 2648 Romani
1047 2592 1133 2649 ita
1158 2588 1389 2668 perdite
1417 2593 1689 2649 amabant
1717 2612 1834 2649 suae
1864 2593 2082 2669 linguae
2109 2594 2562 2665 mollitudinem,
2596 2607 2659 2654 et

345 2685 713 2755 suavitatem,
743 2696 817 2743 ut
841 2688 1010 2745 nulla
1029 2689 1375 2746 necessit-ate
1400 2690 1707 2765 potuerint
1733 2690 1878 2765 cogi,
1909 2690 2075 2765 qucd
2101 2690 2215 2748 alia
2242 2691 2450 2767 lingua
2471 2694 2655 2769 quam

345 2780 454 2839 sua
480 2800 617 2839 cum
642 2783 812 2859 plebe
836 2794 1093 2860 agerent,
1123 2786 1552 2856 contraherent,
1583 2787 2026 2863 loquerentur.”
2109 2795 2146 2822 “
2169 2789 2258 2847 Ut
2283 2809 2399 2847 non
2426 2791 2656 2851 frustra

343 2881 619 2938 Britanni
658 2882 764 2958 qui
800 2880 973 2941 modo
1022 2883 1284 2960 linguam
1321 2884 1642 2944 Romanam
1680 2888 2036 2958 abnuebant,
2085 2888 2476 2963 eloquentiam
2513 2911 2653 2949 con-

343 2980 655 3057 cupierint,
684 2981 757 3039 ad
785 3000 960 3059 quam
987 2991 1181 3041 tamen
1209 2984 1614 3044 addiscendam
1643 2987 2038 3045 Romanorum
2074 2988 2412 3057 hortatibus
2447 2992 2653 3067 potius

996 3114 1243 3173 ¹Descrip.
1267 3112 1454 3175 Anglic.
1481 3116 1735 3175 Hiberniae,
1760 3130 1799 3163 c.
1823 3117 1853 3163 i.
1878 3131 1922 3177 p.
1949 3120 1993 3164 3.

1542 3231 1828 3279 inhabitants
1849 3233 1996 3292 ought
2027 3236 2076 3279 to
2106 3234 2162 3281 be
2181 3232 2314 3279 ruled
2333 3234 2396 3295 by
2417 3234 2499 3279 the
2519 3246 2650 3280 same

1542 3316 1634 3363 law
1651 3318 1755 3363 that
1767 3318 1846 3363 the
1866 3332 2118 3378 conqueror
2137 3319 2178 3365 is
2191 3318 2438 3379 governed,
2462 3324 2650 3367 towear

406 3228 431 3263 b
451 3232 551 3278 The
586 3236 833 3291 argument
870 3231 921 3277 in
954 3230 1051 3277 this
1084 3230 1308 3290 chapter·
1294 3245 1336 3277 is
1368 3198 1442 3277 di-

342 3315 495 3362 rected
526 3313 804 3375 principally
824 3314 1011 3373 against
1034 3313 1313 3371 Stanihurst,
1338 3314 1446 3361 who

342 3399 627 3449 maintained
660 3399 766 3446 that
800 3399 880 3445 the
916 3398 1198 3445 destruction
1232 3399 1283 3445 of
1322 3398 1444 3444 Irish

340 3484 591 3545 language,
614 3483 721 3541 law,
756 3484 848 3530 and
870 3482 1009 3542 dress,
1040 3497 1139 3530 was
1159 3482 1373 3531 essentia]
1396 3488 1445 3529 to

342 3570 543 3630 English
574 3572 823 3628 conquest=
868 3568 900 3593 “
915 3567 1051 3625 Fit-st,
1075 3568 1311 3625 therefore,
1335 3568 1447 3614 take

340 3655 437 3701 this
458 3654 576 3700 with
596 3666 706 3715 you,
730 3652 835 3699 that
856 3665 885 3697 a
905 3656 1126 3711 conquest
1146 3652 1367 3710 draweth‚
1394 3667 1446 3699 or

339 3744 392 3785 at
413 3738 494 3785 the
514 3737 632 3785 least
652 3737 763 3785 wisc
783 3737 932 3796 ought
952 3736 1143 3784 wdraw
1163 3737 1287 3795 toit,
1312 3737 1443 3785 three

339 3824 513 3883 things,
536 3822 697 3881 towit,
721 3822 826 3880 law,
851 3820 1051 3882 apparel,
1068 3821 1315 3883 language.
1350 3822 1444 3869 For

339 3908 491 3954 where
522 3908 603 3955 the
634 3906 841 3954 countris
872 3906 915 3953 is
948 3907 1169 3965 subdued,
1203 3907 1333 3955 there
1362 3906 1443 3953 the

1545 3402 1624 3447 the
1652 3414 1778 3449 same
1811 3402 1992 3449 fashion
2027 3403 2080 3449 of
2108 3404 2246 3451 attire
2265 3404 2532 3451 wherewith
2567 3405 2649 3451 the

1543 3486 1695 3533 victor
1714 3486 1755 3533 is
1775 3488 1947 3545 vested,
1984 3487 2078 3534 and
2109 3488 2254 3547 speak
2273 3489 2356 3535 the
2386 3502 2514 3535 same
2540 3487 2647 3535 lan-

1543 3583 1698 3630 guage
1725 3571 1833 3617 that
1861 3572 1944 3618 the
1963 3572 2248 3632 vanquisher
2267 3570 2462 3632 pat-leth.
2523 3572 2650 3619 Now

1543 3652 1750 3703 'whereas
1771 3656 1957 3704 Ireland
1988 3658 2106 3705 hath
2143 3658 2225 3705 bin
2255 3659 2322 3719 by
2345 3656 2507 3705 lawful
2534 3650 2676 3706 con!

1540 3745 1676 3800 quest
1693 3741 1899 3801 brought
1911 3743 2056 3789 under
2067 3743 2149 3789 the
2169 3742 2423 3803 subjection
2443 3742 2498 3788 of
2513 3742 2649 3803 Eng-

1539 3823 1665 3883 land,
1700 3826 1794 3872 and
1820 3817 1892 3887 'by
1917 3824 2114 3887 English
2143 3840 2416 3887 conqueror-s
2456 3826 2646 3875 inhabi-

1541 3907 2646 3971 oed,isitdoeent‚thinkyou,thatthoirm
2802 3866 2808 4047 1
