2834 4467
349 246 397 311 8.
1109 260 1423 317 amsi-om
1453 258 1913 307 nnmcaronn.

349 406 562 473 bernize
588 413 900 473 Praefectos
926 414 1170 473 divitem
1199 414 1547 473 Hiberniam
1572 430 1855 490 pauperes
1880 413 2187 488 ingressos,
2216 408 2460 470 eandem
2486 430 2655 488 egre-

345 513 574 571 dientes
599 531 914 589 pauperem
939 513 1275 589 reliquisse3
1315 520 1423 571 aut
1462 514 1649 571 instar
1696 512 1884 583 lienis,
1926 530 2047 589 quo
2092 518 2404 581 crescente,
2433 512 2655 587 reliqui

348 619 516 669 artus
539 612 974 681 contabescunt,
1003 611 1356 669 nostratium
1379 610 1651 668 fortunas
1674 610 1758 668 sic
1784 609 2135 679 exhausisse,
2162 616 2237 667 ut
2270 628 2453 686 opum
2494 608 2656 685 apud

347 727 445 767 eos
463 710 652 767 sontes
681 710 1035 778 exemerint,
1066 716 1269 767 contra
1290 708 1493 765 Bionis
1508 706 1817 767 consilium
1836 708 2123 765 monentis
2142 714 2413 784 oportere
2424 708 2657 765 bonum

347 804 545 863 virum
570 825 605 863 a
629 806 982 882 magistratu
1007 804 1397 865 discedentem
1443 824 1562 862 non
1606 804 1879 863 ditiorem
1918 804 2019 863 sed
2057 806 2361 864 clariorem
2387 806 2657 873 erasisse.

349 903 698 962 Omittimus
723 902 788 961 in
825 908 864 937 ‘⁶
881 903 1292 964 Plantatione”
1317 903 1583 960 inimicos
1611 903 1978 962 Antiochum
2004 905 2206 981 egisse,-
2235 924 2303 962 ac
2330 924 2458 963 eam
2481 905 2659 963 nobis

347 1000 662 1076 perniciem
690 1000 1019 1058 struxisse¹⁹
1044 1019 1220 1075 quam
1245 999 1346 1057 ille
1371 998 1411 1057 J
1411 1000 1596 1058 udaeis
1636 1000 1879 1057 molitus
1920 1008 2025 1069 est,
2067 1002 2369 1077 copiarum
2410 1020 2659 1061 suarum

347 1097 488 1154 duci
512 1097 870 1173 praecipiens,
923 1104 962 1130 ‘⁴
980 1106 1054 1155 ut
1092 1098 1481 1156 constitueret
1504 1097 1861 1155 habitatores
1886 1097 2037 1155 filios
2061 1098 2415 1173 alienigenas
2440 1098 2507 1155 in
2534 1116 2657 1156 om-

348 1196 525 1253 nibus
570 1196 788 1253 finibus
842 1214 1062 1263 eorum,
1119 1206 1180 1253 et
1225 1203 1382 1254 sorte
1430 1195 1813 1281 distribueret
1858 1203 2077 1253 terram
2132 1197 2437 1253 eorum²⁰.”
2518 1196 2661 1255 Non

349 1294 790 1369 expostulamus
815 1313 953 1352 oum
981 1292 1168 1351 Tobia
1194 1292 1358 1369 quod
1400 1298 1439 1326 ‘⁴
1460 1293 1667 1351 traditi
1694 1310 1897 1351 sumus
1922 1295 1986 1351 in
2022 1293 2410 1370 direptionem
2436 1304 2499 1353 et
2524 1314 2661 1372 eap-

350 1392 642 1451 tivitatem
686 1400 750 1449 et
783 1392 848 1449 in
887 1399 1135 1449 mortem
1180 1401 1242 1448 et
1286 1392 1351 1447 in
1389 1390 1649 1448 fabulam
1694 1398 1757 1447 et
1802 1390 1867 1447 in
1912 1391 2335 1468 improperium
2380 1392 2663 1452 omnibus

351 1489 788 1547 nationibus²¹.”
884 1489 1163 1547 Veterem
1210 1488 1270 1545 S.
1312 1486 1662 1565 Hieronymi
1708 1488 2131 1562 querimoniam
2174 1488 2431 1570 silemuffi
2489 1487 2663 1565 quod

356 1596 393 1622 “
411 1588 569 1663 capti
593 1588 820 1647 fuerint
845 1587 1137 1664 Episcopi,
1167 1586 1464 1645 interfecti
1490 1586 1827 1654 sacerdotes,
1855 1587 2149 1645 subversae
2174 1588 2444 1657 ecclesiae,
2474 1588 2549 1645 ad
2576 1589 2660 1645 al-

353 1687 504 1745 taria
531 1686 755 1745 Christi
782 1686 1064 1743 stabulati
1089 1680 1244 1760 equi,
1286 1685 1511 1759 ubique
1545 1684 1728 1741 fuerit
1760 1684 1979 1755 luctus,
2021 1686 2245 1761 ubique
2278 1687 2555 1761 gemitus,
2598 1696 2665 1744 et

353 1783 609 1859 plurima
633 1783 840 1841 mortis
865 1782 1160 1857 imago⁹⁹.”

471 1882 571 1938 Ad
591 1881 706 1938 ista
724 1881 950 1964 dud-um
976 1878 1369 1949 occalluimus‚
1391 1887 1455 1937 et
1474 1880 1629 1938 sieut
1648 1881 1847 1939 clavus
1866 1879 2097 1939 clavum
2116 1881 2327 1951 trudit,
2350 1882 2434 1940 sic
2459 1902 2637 1941 recen
2653 1916 2665 1925 ·

353 1980 438 2037 tia
462 1980 710 2037 vulnera
752 1987 1120 2055 acceptarum
1158 1984 1328 2036 antea
1365 1978 1706 2035 cicatricum
1746 1979 2079 2035 memoriam
2110 1979 2378 2055 abigunt.
2461 1979 2665 2051 Certe,

352 2086 424 2134 ut
463 2075 648 2151 vulgo
677 2076 916 2145 dicitur,
961 2082 999 2109 ‘⁶
1026 2076 1185 2150 quod
1221 2075 1508 2152 praeteriit
1546 2075 1734 2132 levius
1764 2076 1923 2145 ¹est,”
1966 2084 2027 2133 et
2066 2083 2369 2135 transactae
2407 2076 2668 2135 miseriae

351 2170 550 2231 mimis
577 2173 837 2231 animum
877 2181 939 2231 et
977 2172 1176 2230 oculos
1215 2172 1394 2249 quam
1422 2181 1734 2247 praesentes
1767 2172 2007 2243 feriunt,
2036 2192 2165 2249 quse
2192 2172 2433 2249 gravius
2459 2173 2667 2233 multo

354 2271 534 2347 quam
560 2271 877 2347 praeteritae
919 2270 1275 2340 sentiuntur,
1314 2277 1376 2327 et
1401 2268 1619 2345 aegrius
1644 2269 1938 2327 feruntur.
2017 2270 2266 2328 Illarum
2304 2271 2673 2331 delinatione

352 2368 603 2446 quadam
632 2369 858 2427 rudiori
903 2388 970 2427 ac
1013 2368 1206 2427 levius
1251 2367 1601 2426 adumbrata
1646 2368 1796 2426 liber
1840 2368 1953 2426 iste
1996 2374 2425 2445 temperatur¹³z
2466 2371 2543 2429 de
2566 2370 2673 2429 his

351 2476 597 2544 questus
621 2477 833 2526 vestrae
861 2467 1188 2541 Majestatis
1213 2466 1459 2524 auribus
1486 2466 1548 2521 in
1574 2464 1886 2542 praesentia
1913 2464 2288 2525 effundimus.
2352 2467 2671 2526 Sentiendi

353 2567 510 2623 enim
535 2566 782 2622 facultas
809 2564 873 2621 in
898 2565 1066 2622 nobis
1095 2563 1236 2621 adeo
1263 2563 1452 2639 sopita
1476 2582 1593 2620 non
1621 2571 1727 2633 est,
1757 2570 1831 2621 ut
1856 2564 2130 2622 aerumnis
2176 2565 2252 2622 ob
2278 2564 2477 2624 oculos
2501 2566 2669 2641 posi-

353 2662 433 2720 tis
459 2680 575 2718 non
601 2669 932 2735 tangamur,
955 2660 1058 2741 qui
1080 2661 1202 2733 jam
1229 2659 1437 2734 elapsis
1463 2660 1736 2715 commoti
1761 2657 2000 2717 fuimus.
2030 2648 2035 2653 ³
2062 2658 2192 2717 Hac
2219 2669 2415 2719 autem
2440 2662 2670 2721 auden-

237 2825 255 2845 ἱ
353 2757 442 2816 tia
466 2758 529 2814 in
557 2776 717 2833 spem
744 2756 1046 2832 erigimur,
1074 2756 1199 2813 fore
1224 2769 1296 2813 ut
1323 2774 1449 2813 eam
1470 2755 1825 2813 audientiam
1851 2764 1912 2813 et
1936 2757 2366 2815 miserationem
2392 2777 2426 2816 a
2451 2766 2512 2817 te
2540 2778 2673 2819 una

355 2855 536 2914 Natio
577 2854 693 2911 tibi
717 2853 916 2911 volens
951 2853 1256 2927 libensque
1291 2852 1557 2925 subjecta
1580 2852 1875 2927 impetret,
1906 2872 2082 2929 quam
2100 2854 2468 2912 mulierculis
2493 2854 2671 2914 Phil-

355 2954 531 3029 ippus
570 2949 921 3007 Macedoniae
949 2950 1120 3007 Rex³⁴
1145 2957 1206 3005 et
1232 2948 1529 3005 Romanus
1556 2948 1882 3024 Imperator
1917 2950 2239 3023 Adrianus,
2279 2948 2475 3009 viduae
2514 2952 2670 3012 Tra-

353 3053 572 3126 janus⁹³
633 3048 974 3124 praestitisse
1026 3046 1325 3103 dicuntur.
1426 3046 1635 3120 Neque
1686 3046 1841 3103 enim
1893 3045 2260 3106 humanitate
2312 3050 2675 3125 Imperatori

361 3145 674 3222 Rodulpho
701 3144 872 3214 cedis,
902 3164 938 3201 a
961 3143 1134 3219 cujus
1154 3161 1383 3201 accessu
1404 3141 1541 3201 cum
1568 3142 1746 3201 aulici
1772 3144 2067 3202 tenuiores
2092 3145 2355 3204 homines
2376 3158 2671 3218 arcerent,

221 3258 338 3323 [iv.]
365 3243 376 3325 Ι
408 3264 504 3303 eos
529 3246 848 3318 inerepanS,
879 3242 1071 3311 sinite,
1101 3240 1202 3309 ait,
1228 3239 1493 3297 homines
1523 3240 1596 3297 ad
1622 3258 1715 3297 me
1739 3241 1941 3300 venire
1964 3261 2153 3317 neque
2176 3242 2309 3301 ideo
2336 3244 2677 3320 ImPerator

361 3364 494 3404 sum
519 3352 592 3401 ut
616 3340 817 3399 arcula
841 3340 1125 3398 includar.
1205 3339 1430 3399 Eorum
1469 3345 1683 3407 autem,
1713 3356 1843 3412 quae
1868 3338 2167 3414 indignius
2193 3341 2452 3412 ferimus,
2482 3356 2677 3420 caput

428 3526 468 3559 ¹⁹
485 3525 617 3575 Stob.
641 3524 788 3573 Serm.
813 3527 906 3583 433
930 3521 1067 3581 infra,
1092 3537 1136 3583 p.
1163 3523 1275 3571 252.
1341 3522 1384 3551 ²⁰
1403 3519 1441 3567 Ι.
1458 3520 1671 3567 Machab.
1695 3519 1761 3567 iii.
1779 3522 1859 3567 86.
1925 3520 1964 3550 ²¹
1984 3520 2096 3567 Τοῦ.
2121 3520 2188 3567 iii.
2216 3523 2262 3568 4.
2328 3522 2458 3569 ”Ad
2475 3523 2672 3575 Heliod.

358 3593 399 3623 ¹³
423 3588 568 3649 Infra,
595 3605 671 3651 pp.
691 3592 786 3637 256
809 3580 982 3649 etseq„
1007 3591 1100 3637 277
1125 3593 1177 3635 et
1197 3601 1304 3647 seq„
1331 3586 1443 3633 282.
1509 3584 1551 3615 ¹⁴
1565 3582 1691 3631 Plut.
1713 3584 1763 3630 in
1784 3584 2022 3645 Apophth.
2087 3585 2130 3615 ²⁵
2144 3582 2282 3633 Dion.
2309 3587 2359 3633 in
2380 3586 2577 3635 Adrian.

420 3768 441 3791 ‘-
463 3760 542 3807 An
577 3758 776 3805 allusion
809 3764 858 3806 to
891 3760 971 3806 the
992 3756 1286 3805 distribution
1314 3756 1364 3802 of
1382 3756 1463 3801 the
1561 3754 1717 3801 ceived
1739 3759 1829 3810 ten,
1856 3756 1935 3801 the
1950 3754 2088 3801 latter
2112 3755 2278 3802 twelve
2300 3756 2422 3803 Irish
2443 3759 2673 3807 counties.

358 3846 631 3893 confiscated
666 3844 801 3891 lands
835 3856 1006 3902 among
1042 3842 1122 3887 the
1156 3840 1463 3894 ,adventurm
1562 3840 1660 3885 The
1682 3838 1895 3899 Royalist
1919 3840 2184 3885 Protestant
2203 3840 2379 3887 officers
2396 3841 2501 3887 four
2520 3856 2675 3890 coun-

359 3932 451 3977 and
474 3930 803 3979 Cromwellian
825 3928 1025 3976 soldiers.
1076 3926 1174 3973 The
1194 3926 1360 3973 former
1388 3936 1461 3969 re-
1563 3922 1839 3968 ties-..Sale
1861 3922 1963 3967 and
1982 3923 2113 3978 Seu„
2138 3923 2234 3980 &c.,
2259 3936 2333 3981 pp.
2360 3925 2437 3980 83,
2468 3925 2576 3971 100.
