2834 4467
368 140 451 204 34
748 193 755 210 ,
1090 157 1401 202 ans-rom
1435 117 1899 202 namma-omi.

364 312 723 372 difficillimis
750 312 1131 387 temporibus,
1162 319 1295 368 tum
1320 311 1428 368 sua
1469 320 1691 387 sponte,
1733 319 1868 370 tum
1895 311 2260 370 sacerdotum
2286 308 2665 388 persuasioni-

367 414 497 480 bus,
508 420 588 468 91
612 413 687 468 ab
713 409 877 467 avita
897 411 1179 486 religione
1202 429 1321 468 non
1345 410 1704 478 resilierunt,
1721 419 1784 468 et
1808 411 1871 470 in
1888 409 2181 486 Principis
2207 410 2494 485 obsequio
2522 406 2666 464 firmi

365 511 773 588 perstiterunt.
860 509 1013 570 Cum
1048 520 1249 568 autem
1288 511 1618 568 mutatione
1655 507 1956 586 religionis
1990 511 2264 569 inchoata
2302 511 2537 586 primus
2572 507 2664 564 ho-

364 611 595 668 minum
640 611 813 669 ardor
848 610 1041 668 adhuc
1077 611 1472 679 incalesceret,
1517 619 1578 668 et
1623 611 1900 686 ambigua
1944 610 2088 668 fides
2127 609 2572 676 catholicorum
2608 607 2664 662 in

366 709 702 785 Principem
728 708 921 768 avitae
932 707 1073 766 fidei
1106 709 1254 766 scita
1288 706 1686 766 recentissime
1723 709 2087 767 deserentem
2116 708 2300 767 fuisse
2337 709 2660 772 timeretur,

364 810 659 890 asperiora
698 810 764 866 in
792 807 1121 867 catholicos
1152 809 1675 866 Senatusconsulta
1713 829 1830 866 non
1869 815 2252 885 eruperuntv.
2333 809 2394 865 N
2396 827 2530 875 unc
2571 803 2664 861 illa

364 907 665 984 religionis
702 907 1077 964 conversione
1108 907 1388 984 temporis
1413 906 1813 964 diuturnitate
1851 905 2242 976 corroborata,
2273 915 2336 964 et
2359 904 2532 962 firma
2565 903 2660 960 Ca-

366 1006 722 1066 tholicorum
749 1007 813 1063 in
840 1006 1143 1082 Principes
1166 1005 1283 1064 fide
1305 1006 1630 1082 perspicuis
1670 1015 1732 1064 et
1757 1005 2004 1092 assiduis
2029 1005 2448 1082 experimentis
2473 1004 2661 1079 depre-

368 1107 569 1178 hensa,
602 1125 1030 1184 supervacanea
1054 1107 1119 1163 in
1149 1105 1478 1164 catholicos
1503 1105 2088 1182 plebiscitaultimus
2115 1104 2508 1164 comitiorum
2531 1100 2660 1160 ordo

366 1205 780 1282 intempestive
807 1205 1035 1264 cendet.
1410 1185 1424 1194 ⁴

486 1301 612 1365 Nec
658 1305 1003 1374 Elizabetha
1046 1306 1172 1382 ipsa
1217 1305 1442 1382 Regina
1485 1304 1660 1363 fidem
1706 1305 2067 1364 catholicam
2108 1305 2192 1362 sic
2233 1317 2500 1363 aversata
2533 1302 2655 1366 fuit,

369 1407 513 1482 quin
534 1406 663 1482 ejus
684 1427 745 1464 se
764 1407 961 1464 studio
979 1407 1168 1469 teneri
1187 1405 1463 1481 pluribus
1481 1405 1835 1481 aperuerit⁷⁸‚
1857 1413 1918 1462 et
1939 1411 1976 1441 ‘⁶
1987 1405 2412 1462 Vicecomitem
2427 1401 2657 1462 Montis-

370 1506 558 1564 Acuti
582 1499 947 1582 praecharufn
974 1505 1113 1582 (etsi
1148 1501 1374 1562 summe
1403 1501 2086 1578 Romano—Catholicum)
2112 1503 2410 1572 habuerit,
2439 1511 2500 1560 et
2521 1498 2655 1558 invi-

370 1603 529 1660 serit.
615 1604 877 1660 Noverat
902 1604 1055 1660 enim
1076 1603 1250 1660 11111111
1276 1621 1352 1660 ex
1372 1600 1566 1678 prima
1591 1601 1966 1658 institutione
1991 1611 2052 1660 et
2077 1602 2258 1658 animi
2283 1601 2654 1678 persuasione,

369 1719 489 1758 non
528 1719 603 1758 ex
646 1700 915 1758 factionis
958 1700 1157 1758 studio
1202 1708 1277 1758 ut
1314 1700 1496 1756 multi
1543 1719 1667 1757 eam
1721 1699 2063 1774 religionem
2103 1698 2446 1756 coluisse⁷⁹.'’
2541 1697 2656 1753 Rex

370 1817 604 1876 quoque
622 1799 879 1856 Jacobus
894 1799 1069 1868 dixit,
1094 1818 1155 1856 se
1168 1799 1415 1875 diligere
1435 1799 1731 1874 Papistam
1752 1799 1951 1855 virum
1968 1799 2197 1873 alioque
2215 1800 2455 1865 bonum,
2467 1863 2474 1870 ,
2485 1805 2543 1854 et
2565 1795 2654 1850 ho·

368 1897 534 1957 neste
562 1899 893 1967 educatum,
917 1899 1021 1974 qui
1040 1900 1212 1956 aliam
1232 1899 1574 1976 religionem
1602 1887 1906 1974 nunquam
1925 1900 2296 1957 imbiberatm.
2379 1898 2508 1956 Rex
2531 1892 2654 1954 verb
2728 1923 2729 1930 1

373 1998 618 2057 Carolus
652 2005 819 2073 pater
844 2006 1053 2065 vester,
1098 2006 1322 2054 tantam
1358 1989 1634 2066 fiduciam
1661 1998 1723 2054 in
1753 1998 2068 2055 Catholicis
2103 1998 2440 2054 collocatam
2463 1991 2656 2052 habuit
2728 2001 2729 2004 ’

371 2104 445 2152 111
464 2094 797 2170 provinciis,
822 2103 882 2151 et
903 2095 1157 2152 urbibus
1182 2095 1660 2152 administrandis
1687 2115 1752 2152 eo
1772 2103 2082 2163 annuente,
2106 2095 2243 2152 tuto
2263 2095 2523 2170 praefecti
2546 2093 2652 2150 fue-
2728 2135 2729 2140 κ

370 2194 525 2264 rint;
554 2194 735 2270 quiin
751 2193 868 2251 fide
882 2191 991 2250 tua
1010 2202 1132 2250 tam
1150 2193 1380 2251 immoti
1405 2195 1872 2270 permanserunt,
1902 2203 1974 2252 ut
1989 2194 2120 2250 illos
2141 2195 2216 2250 ab
2238 2193 2306 2250 ea
2331 2194 2428 2250 vel
2453 2193 2654 2250 ultimae

368 2294 615 2352 miseriae
636 2293 913 2352 divellere
942 2285 1061 2352 non
1087 2294 1409 2369 potuerint,
1453 2313 1560 2351 nec
1583 2277 1904 2369 *poterunt3
1946 2292 2212 2350 Phalaris
2247 2291 2389 2351 hcet
2431 2293 2654 2368 imperet

368 2402 442 2450 ut
467 2393 588 2451 sint
613 2393 744 2451 falsi
770 2413 836 2450 ac
862 2393 1094 2451 admoto
1120 2393 1304 2450 dictet
1319 2392 1584 2468 perjuria
1609 2401 1796 2449 tauro.
1839 2392 1980 2449 Alio
2007 2393 2163 2450 enim
2189 2393 2376 2468 elogio
2399 2392 2584 2470 patria
2607 2405 2656 2444 se

368 2502 569 2551 nostra
592 2493 889 2551 honestari
907 2513 1024 2550 11011
1052 2493 1219 2569 cupit
1245 2493 1427 2568 quam
1452 2490 1618 2566 quod
1643 2492 1760 2548 fida
1787 2511 1894 2550 suo
1921 2493 2070 2568 Regi
2095 2513 2321 2570 semper
2341 2495 2510 2552 Ierne
2539 2490 2654 2548 fuit.

490 2589 928 2647 catholicorum
960 2591 1150 2666 igitur
1176 2589 1422 2666 perfidia
1449 2589 1757 2648 Senatores
1784 2591 1950 2648 tertii
1983 2591 2206 2648 ordinis
2233 2571 2352 2649 non
2395 2591 2573 2650 movit
2595 2594 2655 2644 ut

370 2689 572 2746 odium
598 2689 672 2746 iis
699 2688 857 2764 apud
876 2708 979 2746 vos
1006 2689 1342 2758 conflarent,
1374 2689 1474 2746 sed
1500 2698 1696 2747 metus
1721 2709 1796 2748 ne
1817 2691 2256 2750 catholicorum
2275 2691 2524 2767 praedfis,
2547 2704 2654 2765 qnae

372 2788 621 2862 majores
655 2787 995 2846 retulerunt
1019 2795 1092 2844 111
1118 2788 1445 2845 nobilitatis
1471 2797 1762 2858 tesseram,
1803 2789 2110 2865 dignitatis
2135 2791 2414 2860 fulcrum,
2443 2789 2654 2848 merito-

369 2865 508 2944 rum
532 2886 914 2944 honorarium
958 2895 1018 2944 et
1062 2887 1310 2945 virtutis
1353 2889 1679 2964 praemium,
1725 2889 1844 2946 illis
1890 2890 1954 2945 in
1996 2877 2252 2947 militare
2295 2891 2650 2967 congiarium,

370 2987 687 3056 seditionis,
718 2985 1052 3044 rebellionis
1080 2973 1373 3056 salarium,
1414 2986 1584 3044 caedis
1611 2995 1671 3044 et
1696 2987 2040 3044 vastationis
2079 2995 2577 3047 auctoramentum
2607 2989 2654 3040 et

367 3087 689 3163 impietatis
714 3085 1140 3144 hostimentum
1165 3085 1283 3142 n'on
1308 3085 1600 3153 cederent.
1629 3086 1710 3142 Et
1737 3087 1878 3160 quia
1901 3087 2040 3144 vitae
2061 3086 2376 3144 tolerandae
2395 3087 2654 3144 rationem
2728 3137 2729 3162 ἒ

367 3185 536 3266 nobis
560 3184 878 3243 auferendo
904 3185 1088 3242 vitam
1113 3185 1299 3260 ipsam
1340 3185 1733 3254 sustulerunt,
1779 3204 1966 3260 eoque
1989 3195 2160 3261 pacto
2185 3205 2290 3262 per
2317 3187 2508 3244 clades
2545 3201 2652 3241 nos-

368 3295 491 3356 tras
506 3286 661 3343 viam
681 3285 755 3342 ad
771 3303 907 3360 opes
927 3284 1040 3342 sibi
1060 3283 1448 3361 congerendas
1463 3293 1822 3354 straverunt,
1844 3285 2174 3342 Jezabelem
2195 3304 2368 3360 agere
2381 3285 2650 3345 videntur,
2727 3325 2729 3362 ³

371 3403 499 3460 quae
528 3385 589 3442 N
589 3384 792 3442 abothi
818 3383 971 3441 caede
996 3383 1226 3441 vineam
1254 3383 1536 3440 Achabo⁸¹
1566 3383 1780 3441 marito
1806 3385 2193 3460 comparavit3
2231 3392 2338 3440 aut
2367 3383 2648 3445 Herodem,

370 3483 491 3558 qui,
520 3502 595 3540 ne
622 3482 735 3540 sibi
762 3501 1012 3558 regnum
1048 3481 1393 3557 eriperetur,
1437 3480 1794 3539 atrocissima
1822 3481 2128 3578 infantum·
2156 3492 2352 3559 strage
2388 3503 2448 3540 se
2487 3489 2650 3540 conta-

368 3581 592 3638 minare
619 3600 736 3638 non
766 3579 1123 3637 dubitavitffi.

452 3739 493 3771 ⁷⁷
519 3738 679 3784 Lomb.
706 3737 963 3786 Comment.
990 3738 1047 3784 de
1068 3737 1180 3783 nib.
1204 3751 1250 3795 p.
1274 3737 1387 3793 481,
1404 3705 1466 3781 11.
1486 3735 1708 3793 namara,
1735 3734 1851 3781 vita
1871 3736 2050 3796 111-1η.
2077 3737 2153 3782 69.
2220 3737 2262 3771 ⁷⁸
2277 3707 2646 3786 britanno-mach.
2728 3709 2729 3714 ’

372 3816 417 3861 p.
440 3803 549 3846 118.
632 3799 675 3833 ⁷⁹
698 3801 863 3847 Camd.
886 3801 935 3845 in
959 3801 1079 3846 Eliz.
1104 3815 1178 3847 an.
1208 3801 1351 3856 1592,
1374 3800 1462 3846 sub
1481 3800 1635 3844 finem.
1724 3799 1767 3828 ⁸⁰
1782 3798 1946 3848 Oratio
1963 3800 2080 3860 Reg.
2103 3801 2154 3845 in
2179 3801 2377 3850 Camera
2399 3803 2511 3851 Stel.
2527 3818 2566 3862 p.
2587 3801 2646 3847 29.

372 3865 410 3894 ⁸¹
432 3867 459 3910 3
486 3865 602 3922 Reg.
624 3865 730 3908 xxi.
797 3864 839 3894 ⁸⁹
856 3865 974 3910 Mat.
986 3865 1045 3942 sii.
1158 3887 1162 3892 ·
