2834 4467
293 208 371 269 72
1031 223 1345 268 nms'rom
1375 222 1839 267 namcuoan.

287 378 532 435 moriam
549 380 917 437 continenter
945 376 1179 445 secutis,
1211 365 1696 434 Christianorum
1710 374 2053 451 frequentias
2074 376 2382 435 familiaria
2406 377 2441 434 f
2438 378 2603 435 uisse

288 485 602 534 testantur.

406 575 528 650 Ipsi
555 574 900 650 Paganismo
919 573 1354 650 permissionem
1375 580 1437 629 et
1455 571 1869 648 impunitatem
1884 571 2208 647 antiquitas
2235 572 2595 630 vendicavit.

288 674 440 731 Nam
465 672 642 749 primi
666 673 756 731 illi
785 673 1108 731 Christiani
1133 674 1536 749 Imperatores,
1567 671 1672 747 qui
1696 671 1760 727 in
1786 669 1939 747 pura
1964 671 2354 747 defaecatique
2374 670 2597 730 Catho-

287 770 402 829 lica
427 772 542 833 fide
567 770 684 829 rite
711 772 974 841 colendi,
1000 770 1239 847 lateque
1263 770 1639 847 propaganda
1674 770 2002 839 servarunt,
2026 771 2310 830 Ethnicos
2347 772 2415 828 in
2440 773 2599 847 pris-

287 872 430 935 tinae
477 872 916 947 superstitionis
962 872 1095 929 luto
1133 870 1354 928 haerere
1402 867 1571 927 facile
1610 869 1768 945 passi
1814 877 1974 939 sunt,
2038 871 2313 951 quoniam
2352 870 2601 946 publica

289 970 623 1045 Paganismi
649 969 928 1045 professio
953 969 1232 1045 temporis
1258 968 1477 1044 primas
1504 986 1539 1023 a
1564 968 1861 1025 communi
1886 977 2101 1037 nostrae
2128 967 2265 1037 fidei
2292 968 2599 1045 agnitione

288 1067 514 1126 retulit.
585 1067 1005 1125 Constantinus
1033 1067 1283 1141 Magnus
1309 1066 1575 1141 quamvis
1600 1064 1910 1140 religiosus
1936 1066 2235 1142 PrincePS,
2254 1074 2327 1123 ut
2353 1066 2601 1142 publica

289 1168 352 1224 in
369 1166 732 1224 Ethnicismo
757 1165 1188 1242 perseverantia
1213 1165 1486 1221 omnibus
1511 1164 1697 1222 libera
1716 1172 1777 1222 et
1796 1164 1959 1223 licita
1986 1165 2155 1233 soret,
2176 1165 2366 1223 edicto
2390 1164 2590 1223 indul·

289 1266 446 1327 sit¹⁵⁶.
527 1266 1000 1334 Valentinianus,
1031 1264 1135 1339 qui
1160 1263 1430 1339 privatus
1456 1265 1793 1338 probrosam
1824 1284 1859 1321 a
1882 1263 2101 1321 militia
2136 1264 2487 1336 missionem,
2532 1273 2599 1323 et

288 1364 534 1423 exilium
563 1364 874 1422 Catholicae
901 1360 1198 1438 religionis
1223 1380 1362 1435 ergo
1387 1379 1591 1436 passus
1629 1369 1735 1431 est,
1775 1361 1961 1437 legem
1995 1362 2323 1437 Imperator
2344 1362 2491 1419 tulit
2518 1370 2599 1419 ut

289 1465 537 1540 quisque
577 1482 752 1539 quam
777 1461 955 1521 vellet
993 1460 1333 1535 religionem
1367 1458 1661 1527 coleret¹⁵⁷‚
1692 1460 1799 1535 qui
1833 1470 1894 1517 et
1934 1479 2009 1517 eo.
2036 1461 2273 1518 nomine
2310 1460 2595 1519 laudatur

289 1565 362 1621 ab
389 1562 642 1619 Amiano
669 1558 832 1636 quod
857 1577 1160 1633 nunquam
1177 1547 1451 1631 ‘aliquem
1486 1558 1575 1615 ob·
1588 1557 1887 1633 religionis
1928 1558 2327 1617 diversitatem
2352 1559 2595 1617 infesta-

287 1652 458 1719 verit.
542 1660 860 1719 Gratianus
885 1658 1010 1731 lege
1035 1654 1157 1713 lata
1195 1654 1469 1713 omnibus
1506 1656 1788 1713 concessit
1814 1676 2224 1733 quamcunque
2248 1658 2595 1734 religionem

291 1757 574 1820 sectarim.
661 1755 1010 1813 Anastasius
1039 1754 1363 1829 Imperator
1389 1761 1739 1829 potestatem
1778 1756 1993 1831 cuique
2021 1756 2163 1814 fecit
2198 1776 2375 1832 quam
2410 1757 2597 1817 vellet

288 1858 628 1933 religionem
654 1853 1043 1931 profitendi¹⁵⁹.
1089 1852 1467 1909 Justinianus
1488 1872 1723 1928 quoque
1747 1855 1933 1931 legem
1952 1854 2137 1913 edidit
2164 1855 2225 1912 in
2242 1855 2365 1913 hoec
2382 1857 2593 1929 verba:

293 1964 329 1989 ‘⁶
348 1955 549 2017 Placet
570 1970 860 2029 quemque
885 1951 1224 2027 religiosum
1249 1968 1374 2007 esse
1397 1969 1559 2008 more
1587 1952 1789 2027 patriae
1818 1952 2055 2011 suae'⁶⁰.’'
2138 1954 2299 2023 Quid
2323 1955 2530 2014 multis
2560 1953 2592 2013 ἰ’

288 2056 504 2131 vulgus
526 2053 830 2111 hominum
859 2072 976 2109 non
997 2051 1183 2110 solum
1211 2051 1272 2108 in
1289 2049 1658 2109 Ethnicismo
1673 2050 1935 2127 impune,
1964 2054 2065 2113 sed
2090 2062 2149 2111 et
2171 2054 2421 2113 Senatus
2442 2053 2597 2115 citra

287 2173 516 2236 noxam,
547 2166 608 2229 et
634 2152 937 2229 dignitatis
958 2153 1447 2221 imminutionem,
1470 2150 1816 2209 Christianis
1842 2151 2302 2227 Imperatoribus
2330 2170 2595 2209 annuen-

285 2256 465 2323 tibus,
495 2253 602 2319 diu
628 2254 960 2331 permansit.
1041 2252 1168 2311 Imo
1192 2248 1463 2309 Gentiles
1481 2250 1770 2326 supremis
1790 2250 2041 2326 Reipub.
2069 2238 2412 2324 militiaeque
2431 2250 2595 2307 Prae-

285 2356 527 2416 fecturis
567 2353 838 2429 insigniti
863 2350 1185 2409 fuerunt¹⁶¹.
1267 2352 1420 2407 Nam
1450 2348 1831 2407 simmachus*
1859 2348 2182 2424 paganismi
2198 2358 2201 2363 '
2217 2366 2373 2405 caeno
2396 2346 2615 2428 adhuc,=

284 2456 594 2514 immersus
619 2453 694 2511 ad
721 2450 1106 2509 Consulatum
1126 2446 1439 2507 emersitffi‘.
1484 2445 1792 2503 Gildonem
1822 2445 2039 2502 Africae
2069 2443 2440 2513 Theodosius,
2471 2444 2597 2521 Cy-

286 2573 422 2610 rum
450 2552 739 2627 quendam
767 2547 1168 2625 Imperator¹⁶³,
1199 2546 1447 2604 Saulum
1477 2544 1745 2605 Stilicoffl
1771 2543 2033 2603 homines
2059 2543 2379 2619 gentilismi
2404 2542 2607 2601 sordi-1

286 2654 400 2711 bus
426 2650 617 2709 adhuc
643 2649 858 2706 oblitos
884 2646 1243 2705 exercitibus
1268 2643 1545 2720 praefecit.

411 2745 590 2815 Quod
619 2746 668 2802 si
695 2744 944 2820 Paganis
971 2744 1158 2801 libero
1185 2742 1429 2799 deorum
1456 2740 1719 2797 inanium
1754 2739 1944 2808 cultu,
1982 2747 2043 2797 et
2070 2739 2311 2796 summis
2339 2737 2599 2815 Reipub.

289 2846 633 2920 militiaeque
671 2844 1016 2901 muneribus
1061 2844 1453 2918 Imperatores
1494 2839 1815 2898 Christiani
1848 2858 1967 2896 non
2003 2838 2451 2909 interdixerint3
2480 2840 2599 2897 Ca-

291 2945 506 3003 tholica
543 2943 767 3019 religio,
819 2960 949 3017 quae
995 2950 1294 3001 vetustate
1334 2938 1701 3007 venerabilis,
1742 2937 2052 2995 duratione
2076 2919 2487 3013 memorabilis,
2530 2948 2601 2995 et

292 3043 705 3119 propagatione
730 3040 979 3099 illustris
1003 3048 1110 3109 est,
1139 3058 1266 3097 eam
1297 3038 1501 3095 saltem
1528 3037 1775 3112 gratiam
1802 3056 1837 3093 a
1861 3036 2171 3109 Majestate
2194 3037 2391 3095 vestra
2420 3038 2597 3107 feret,

297 3150 368 3199 ut
395 3141 526 3215 ejus
551 3139 830 3217 professio
855 3138 1130 3212 cuiquam
1150 3136 1346 3195 fraudi
1375 3155 1494 3192 non
1514 3136 1592 3192 sit
1616 3152 1629 3190 τ
1670 3132 1789 3209 qua
1815 3142 2169 3210 perpetuum
2194 3133 2499 3193 dissidium
2526 3136 2597 3193 in

361 3324 420 3357 ¹⁵⁶
436 3328 603 3373 Euseb.
619 3325 700 3372 lib.
718 3324 766 3370 ii.
782 3324 920 3381 Vitoe,
937 3322 1072 3369 xlvii.
1116 3323 1173 3356 ¹⁵⁷
1188 3322 1312 3381 Epit.
1331 3320 1439 3367 Bar.
1459 3334 1533 3366 an.
1550 3322 1660 3375 361,
1683 3333 1728 3364 n.
1748 3322 1775 3366 '7
1795 3336 1807 3377 ς
1834 3320 1945 3379 364,
1958 3333 2005 3365 n.
2022 3322 2066 3367 8.
2104 3321 2163 3351 ¹⁵⁸
2176 3321 2294 3367 Ibid.
2315 3322 2425 3375 378,
2445 3334 2491 3365 n.
2511 3322 2593 3367 19.

297 3391 356 3424 ¹³9
379 3392 681 3448 Ratio-temp.
705 3388 785 3434 lib.
801 3388 882 3434 vii.
906 3402 944 3434 c.
972 3390 1016 3433 5.
1086 3382 1146 3417 ¹⁶⁰
1168 3387 1268 3431 Lib.
1291 3386 1322 3431 i.
1341 3386 1398 3431 de
1422 3386 1445 3442 ς
1470 3385 1572 3430 Ect.
1631 3380 1687 3413 ¹⁶¹
1712 3384 1837 3441 Epit.
1861 3384 1971 3431 Bar.
1995 3398 2069 3431 an.
2096 3387 2207 3439 389,
2228 3400 2275 3430 n.
2303 3389 2345 3433 7.
2405 3381 2463 3415 ¹⁶⁸
2480 3385 2592 3431 Rat.

296 3462 435 3515 temp.
459 3456 540 3502 lib.
561 3455 624 3501 vi.
650 3469 689 3501 c.
717 3455 791 3501 10..
861 3448 919 3483 ¹⁶³
937 3452 1064 3510 Epit.
1086 3451 1196 3498 Bar.
1223 3464 1298 3497 an.
1327 3451 1439 3506 398,
1462 3463 1508 3495 n.
1534 3451 1591 3507 93
1616 3450 1726 3507 439,
1750 3462 1796 3494 n.
1818 3450 1864 3495 4.
1936 3446 1991 3481 '⁶⁴
2009 3450 2129 3496 Ibid.
2153 3452 2264 3508 408,
2290 3464 2338 3495 n.
2363 3452 2408 3497 9.

353 3597 373 3630 ¹·
401 3600 559 3646 Under
581 3600 659 3646 the
676 3598 984 3645 Protectorate
1005 3595 1044 3641 it
1059 3608 1156 3641 was
1178 3593 1318 3640 death
1340 3599 1387 3639 to
1488 3594 1581 3639 and
1604 3594 1683 3641 the
1704 3594 1821 3639 dark
1844 3608 2039 3641 recesses
2060 3593 2111 3639 of
2126 3594 2206 3641 the
2238 3592 2421 3642 forest.’'
2480 3593 2597 3641 And

293 3688 496 3733 hai-bour
516 3700 568 3731 or
589 3689 764 3747 protect
798 3699 829 3733 a
859 3683 1031 3745 priest3
1062 3680 1203 3727 death
1235 3684 1316 3725 not
1338 3684 1388 3725 to
1490 3678 1630 3737 “any
1656 3690 1819 3735 person
1848 3676 2155 3737 accidentally
2176 3678 2380 3737 maeting
2402 3678 2494 3723 and
2516 3691 2593 3724 re-

286 3772 477 3817 disclose
493 3772 612 3817 their
625 3770 965 3829 hirling-places
990 3771 1019 3795 “
1033 3769 1083 3817 in
1105 3768 1184 3813 the
1195 3780 1388 3813 caverns
1487 3762 1731 3823 cognising
1752 3777 1782 3809 a
1803 3763 1946 3821 priest
1967 3776 2064 3809 was
2093 3764 2272 3823 subject
2294 3768 2344 3809 to
2362 3764 2485 3809 have
2517 3762 2597 3809 his

286 3856 337 3900 os
355 3856 433 3899 the
453 3854 705 3911 mountain,
731 3854 810 3899 the
831 3854 1012 3899 chasma
1034 3852 1084 3897 of
1101 3852 1180 3898 the
1195 3864 1382 3911 quari-y,
1487 3863 1587 3897 ears
1602 3854 1685 3896 cut
1697 3850 1770 3907 off,
1784 3849 1875 3895 and
1892 3853 1938 3895 to
1951 3849 2009 3895 be
2022 3846 2205 3907 flogged
2220 3847 2373 3894 naked
2388 3847 2595 3905 through
