2834 4467
340 190 467 255 476
1112 209 1524 255 cataniensis
1553 209 1864 255 svmens:
2329 210 2482 276 [cn.
2509 210 2658 258 vm.

338 364 497 427 niam
522 362 695 431 fact0,
736 362 892 439 regis
930 362 1046 420 sibi
1074 362 1377 438 fastigium
1404 362 1746 430 vindicavit,
1789 372 1852 421 et
1876 382 1982 439 per
2007 381 2188 420 annos
2225 362 2482 438 triginta
2507 360 2660 419 reti-

192 472 318 515 1111.
332 462 493 519 nuit.
572 461 633 518 Is
658 461 723 519 in
752 460 921 519 oliui
960 461 1191 519 aedibus
1216 462 1387 537 pusio
1412 468 1681 519 versatus
1719 462 1984 519 nondum
2011 462 2260 537 vestigia
2283 480 2390 537 per
2411 468 2662 518 aetatem

334 559 519 635 figere
540 560 743 617 valens
768 560 843 617 ad
868 579 1069 617 canem
1092 560 1430 617 venaticum
1457 547 1730 617 manibus
1754 579 1963 636 repens
1995 558 2252 628 accessit,
2295 558 2402 634 qui
2427 577 2660 634 pueru-

334 658 465 715 lum
490 657 701 717 crebrd
729 658 1042 735 benignius
1064 659 1334 716 lambens
1370 678 1628 717 amorem
1653 658 1838 733 hujus
1863 659 2006 717 adeo
2039 658 2154 716 sibi
2179 658 2540 727 conciliavit,
2583 666 2662 714 ut

334 756 435 815 hic
459 758 534 815 ab
558 757 723 815 illius
748 740 1039 815 consortio
1064 758 1315 815 coerceri
1346 777 1468 815 non
1494 758 1774 833 potuerit.
1855 757 2000 825 Quae
2025 776 2120 815 res
2143 776 2358 815 nomen
2383 756 2659 822 Maccon,

336 855 401 913 id
426 864 533 923 est,
562 857 721 913 canis
746 855 1003 914 venatici
1024 855 1204 923 filius,
1246 855 1339 912 illi
1365 856 1612 931 peperit.
1692 856 1850 913 Eum
1879 856 2159 913 Temoriae
2198 856 2306 917 diu
2330 855 2658 931 persisten-

336 962 459 1011 tem
488 954 803 1012 cormacus
830 954 1066 1013 Arturi·
1084 952 1245 1011 filius
1270 954 1336 1011 in
1360 956 1551 1012 avitas
1577 956 1888 1028 Momoniae
1916 964 2104 1015 terras
2129 954 2444 1031 ablegavit.
2526 954 2658 1012 Ubi

338 1052 483 1110 dum
500 1052 803 1128 Lugadius
830 1071 1044 1111 aurum
1066 1061 1127 1110 et
1147 1062 1462 1131 argentum
1487 1052 1756 1123 literatis,
1781 1063 1842 1111 et
1859 1054 2125 1128 cujusvis
2147 1054 2400 1111 alterius
2423 1052 2656 1111 ordinis

337 1150 677 1209 hominibus
704 1152 988 1229 (quorum
1014 1152 1089 1209 ad
1116 1151 1289 1209 illum
1316 1170 1529 1227 magna
1559 1154 1723 1229 copia
1761 1150 2158 1224 confluxerat)
2199 1150 2440 1229 profuse
2469 1152 2652 1227 largi-

338 1257 524 1317 retur,
569 1248 889 1324 Fergusius
930 1249 1164 1307 Comari
1206 1248 1370 1307 filius
1402 1248 1704 1306 Druidum
1745 1268 1920 1318 unua,
1963 1270 2272 1326 percussor
2303 1268 2338 1307 a
2367 1251 2654 1307 Cormaeo

338 1350 695 1407 subornatus
737 1349 870 1425 (qui
896 1348 1125 1407 dudum
1151 1350 1215 1407 in
1242 1368 1411 1407 omne
1439 1368 1500 1407 se
1525 1348 1686 1407 latus
1711 1350 1894 1408 vertit
1920 1358 1994 1407 ut
2019 1350 2274 1425 Lugadii
2309 1348 2653 1407 trucidandi

336 1447 839 1523 opportunitatem
860 1446 1287 1525 aucuparetur)
1307 1448 1500 1505 locum
1529 1446 1670 1517 adit,
1693 1456 1754 1505 et
1779 1449 2126 1524 promiscua>
2143 1449 2462 1516 immistus,
2491 1448 2652 1505 mul·

337 1544 605 1614 titudini,
653 1564 804 1621 pone
848 1545 1107 1612 rhedam,
1152 1546 1253 1603 cui
1298 1544 1602 1622 Lugadius
1648 1545 2018 1603 innitebatur
2058 1546 2377 1603 collocatus
2417 1545 2652 1602 hastam

336 1642 531 1703 valide
553 1645 620 1703 in
651 1644 902 1720 Lugadii
934 1652 1103 1720 tergo
1141 1644 1298 1714 fixit,
1341 1654 1403 1703 et
1445 1664 1648 1703 averso
1693 1645 1786 1701 illi
1811 1645 2058 1703 vulnere
2101 1645 2325 1707 inflicto
2371 1644 2651 1721 protinus

332 1726 709 1803 {xanimavit-
790 1716 968 1800 Aurio
996 1745 1250 1801 Domino
1277 1747 1411 1811 225,
1458 1744 1670 1802 Mundi
1695 1747 1873 1803 5424.

454 1843 777 1919 Fergusius
826 1851 1211 1919 cognomento
1258 1843 1683 1911 Dubhdedach,
1737 1846 1859 1901 sive
1893 1844 2244 1920 dentiniger,
2294 1842 2470 1918 quod*
2491 1843 2644 1900 duos

196 1952 316 1995 1:111.
335 1940 607 2000 dentium
644 1943 777 2017 ejus
814 1941 1047 1999 ordines
1088 1941 1331 2016 nigredo
1374 1942 1580 2009 tinxit,
1609 1942 1867 1999 Ultoniae
1905 1960 2030 2010 rex,
2073 1940 2426 1998 Monarchiae
2453 1948 2650 1997 amoto

338 2042 619 2099 Cormaco
655 2040 874 2098 Arturi
909 2038 1049 2108 filio,
1094 2058 1155 2097 se
1186 2040 1451 2115 ingessit,
1496 2048 1558 2097 et
1587 2040 1833 2115 injuriae
1881 2042 2297 2098 contumeliam
2341 2040 2646 2115 adjicienS,

336 2136 482 2195 dum
502 2140 848 2197 Cormacum
866 2138 1135 2195 convivio
1161 2137 1476 2214 exciperet,
1499 2138 1628 2213 ejus
1655 2138 1844 2196 crines
1871 2138 2107 2196 candela
2128 2159 2161 2195 a
2179 2139 2401 2217 famulo
2425 2138 2650 2213 injecta

336 2236 583 2293 cremari
614 2236 861 2293 curavit.
944 2234 1173 2293 Deinde
1211 2235 1273 2291 in
1321 2236 1627 2293 Conaciam
1677 2237 1963 2295 amandat.
2047 2238 2178 2305 Quo
2217 2237 2430 2295 damno
2455 2248 2521 2296 et
2545 2260 2650 2317 op-

335 2336 575 2413 probrio
623 2336 937 2393 cormacus
980 2334 1340 2405 stimulatus,
1388 2334 1580 2393 Tadeo
1607 2335 1742 2393 Ciui
1769 2336 1907 2405 filio,
1945 2336 2114 2393 omli
2156 2336 2362 2393 Olumi
2403 2346 2644 2413 nepote,

337 2432 603 2508 Lugadio
650 2434 810 2509 Lago
845 2432 1051 2509 Moghi
1090 2434 1149 2490 N
1153 2432 1396 2490 uadathi
1434 2432 1597 2499 filios
1621 2433 1874 2509 triginta
1919 2433 2158 2508 regulis,
2207 2434 2649 2510 quinquaginta

334 2528 667 2591 chiliarchis
692 2542 755 2590 et
779 2532 1103 2590 innumeris
1143 2533 1325 2609 copiis
1351 2532 1413 2588 in
1443 2532 1774 2589 subsidium
1813 2532 2067 2601 adscitis,
2116 2533 2280 2609 signa
2305 2552 2441 2591 cum
2469 2534 2647 2591 Ulto-

335 2631 654 2701 niensibus,
702 2632 860 2708 apud
888 2631 1331 2707 Crinnobreagh
1368 2632 1698 2700 contuiit¹⁷3
1740 2633 1802 2689 in
1833 2652 1950 2709 quo
1976 2633 2268 2703 conflictu,
2314 2634 2504 2691 trium
2531 2634 2648 2691 fra·

340 2737 501 2786 trum
528 2730 799 2805 Fergusii
823 2716 1046 2788 dentini
1050 2730 1147 2805 gri
1163 2730 1434 2805 Fergusii
1450 2730 1843 2799 Foltleabhor,
1875 2732 1995 2788 sive
2017 2732 2261 2799 Comati,
2292 2742 2352 2790 et
2372 2732 2650 2811 Fergusii

338 2827 704 2897 Casfiaclach,
728 2827 789 2884 id
804 2836 911 2897 est,
933 2828 1202 2886 dentium
1230 2848 1596 2903 rugosorum,
1625 2829 1819 2906 capita
1835 2828 2138 2906 Lugadius
2163 2831 2263 2888 ille
2289 2835 2644 2909 amputavit,

196 2929 313 2997 [70]
337 2935 399 2985 et
424 2935 560 2985 ante
586 2926 849 2985 Coi-maci
874 2925 1029 3001 regis
1044 2944 1157 2981 ora
1173 2926 1499 2995 collocavit,
1535 2930 1544 3003 Ι
1576 2924 1740 3003 quod
1757 2927 1848 2983 illi
1870 2935 1990 2985 tres
2011 2927 2279 3002 jacturae,
2305 2938 2365 2987 et
2393 2930 2647 3004 ignomi-

335 3026 446 3083 niae
475 3026 752 3083 Cormaoo
776 3021 1089 3081 inferendae
1116 3021 1395 3081 authores
1433 3024 1696 3081 fuerunt.
1737 3024 1870 3081 Hoc
1899 3025 2156 3083 facinore
2181 3044 2380 3083 necem
2407 3027 2648 3084 Arturo

338 3122 603 3181 Cormaci
640 3122 798 3197 patri
836 3122 1061 3179 illatam
1088 3121 1153 3177 in
1178 3120 1382 3198 pugm'i
1408 3122 1982 3198 Muighcrumnensi·
1997 3123 2370 3198 aliquatenus
2405 3125 2648 3201 expiare

334 3223 545 3281 nitens.
600 3221 845 3279 Tadaeus
867 3222 1044 3279 etiam
1066 3220 1389 3290 CianiadeS,
1419 3221 1624 3299 pugn&
1651 3222 1863 3299 septies
1883 3222 2082 3280 eodem
2104 3223 2198 3280 die
2219 3216 2384 3281 redin
2393 3224 2642 3299 tegratfi,

1096 3360 1135 3393 1⁷
1154 3359 1234 3406 Ex
1250 3358 1513 3405 Annalibus
1531 3358 1854 3419 Tighernachi.

334 3487 448 3538 Olill
470 3485 819 3536 olum—Ibid.
830 3501 851 3539 ,-
876 3485 970 3531 and
995 3498 1040 3543 p.
1060 3486 1170 3531 326.
1250 3483 1340 3529 For
1354 3483 1437 3529 the
1616 3490 1638 3515 ⁴²
1661 3483 1869 3543 Keating
1901 3484 2035 3544 gives
2065 3484 2162 3531 this
2189 3488 2334 3544 story,
2355 3485 2443 3531 but
2471 3483 2642 3533 o'nn-

330 3572 595 3632 conflicting
610 3555 829 3617 accounts
848 3568 1099 3629 regardiug
1119 3568 1199 3615 the
1219 3566 1429 3627 genesio·
1535 3571 1676 3631 herty
1694 3571 1735 3618 is
1757 3570 1908 3617 silent.
1944 3569 2045 3629 On,
2066 3586 2096 3617 a
2111 3570 2282 3628 houna,
2307 3571 2402 3617 and
2417 3571 2482 3617 its
2503 3572 2640 3617 dimi·

328 3660 431 3719 gies
450 3660 503 3706 of
520 3658 599 3705 the
614 3656 759 3703 Ernai
778 3631 936 3718 (lv-iil·
960 3656 1081 3702 Neu.
1100 3670 1145 3715 p.
1164 3651 1301 3716 263),
1328 3668 1434 3715 pro·
1537 3656 1697 3703 nutive
1723 3668 1886 3713 cutm,
1921 3668 1998 3703 are
2029 3656 2154 3703 often
2175 3655 2318 3702 found
2339 3654 2389 3702 in
2411 3655 2494 3703 the
2515 3670 2640 3703 com-

331 3745 488 3804 bably‚
522 3744 603 3789 the
624 3740 788 3792 Erdini
810 3739 903 3786 and
938 3740 1101 3786 Domii
1123 3740 1175 3785 of
1202 3740 1432 3799 Ptolemy,
1536 3741 1734 3800 position
1745 3741 1798 3787 of
1805 3740 1927 3788 Irish
1945 3754 2106 3801 proper
2119 3754 2309 3801 namen
2333 3740 2640 3799 oscannum,

331 3832 411 3876 the
422 3830 591 3875 former
607 3827 655 3873 in
676 3830 802 3883 west,
822 3826 902 3871 the
914 3825 1055 3871 latter
1070 3824 1119 3871 in
1142 3830 1241 3873 east
1258 3824 1432 3883 Ulster,
1537 3812 2642 3885 Gonnall,colchu0n011u0.-'80000190n‚aeta

332 3926 405 3961 sce
422 3910 771 3973 Appendix--“
788 3909 1011 3956 Ithians.”
1181 3894 1183 3897 ’
1542 3910 1696 3956 Sance.
1721 3924 1766 3969 p.
1787 3910 1898 3968 2512,
1916 3924 1962 3957 n.
1977 3913 2010 3967 ²,
2029 3924 2073 3969 p.
2095 3913 2204 3969 277,
2220 3924 2266 3957 n.
2283 3912 2320 3968 ²,
2337 3923 2382 3969 p.
2409 3912 2522 3970 379,
2543 3924 2590 3959 n.
2605 3914 2639 3955 ².
