2834 4467
206 1170 286 1211 113.

209 1471 288 1511 113.

210 2066 291 2109 113.

312 194 441 257 442
1091 214 1505 259 cinnnnnffls
1537 214 1847 259 mensus,

2313 214 2465 279 [Cu.
2489 214 2644 261 vin.

312 365 533 441 singuli
572 366 876 442 septennio
915 367 1199 442 regnandi
1224 370 1380 425 vices
1420 368 1758 425 alternatim
1799 368 2029 425 obeant.
2107 366 2303 434 Quare
2335 366 2466 441 ipse
2504 384 2646 440 sep-

310 464 479 521 tenni
504 483 685 539 regno
709 466 1077 540 perfunctus.
1140 464 1452 533 Dithorbo‚
1483 476 1545 523 et
1566 466 1898 523 Dithorbus
1927 465 2300 542 septennium
2331 464 2648 539 regnando

308 582 665 639 permensuS,
696 564 966 639 Regnum
996 563 1341 621 Kimbaitho
1366 565 1897 622 administrandum
1925 566 2089 620 ultro
2121 582 2224 639 per
2253 560 2646 637 septennium

312 659 613 717 concessit.
683 662 955 735 Denique
970 680 1219 736 regnum
1241 680 1347 737 per
1364 662 1626 737 singulos
1649 670 1740 719 ter
1765 663 1829 718 in
1849 664 2049 719 orbem
2077 662 2208 728 init,
2239 670 2312 716 ut
2339 658 2412 715 ad
2439 678 2646 715 unum

314 774 495 833 supra
518 757 868 833 vigesimum
909 777 1128 814 annum
1170 759 1453 835 regnandi
1481 767 1714 835 tempus
1741 759 1964 835 singuli
1990 752 2400 834 produierinn
2433 756 2646 813 Aidus

315 852 509 911 Rufus
549 854 725 911 undis
760 856 823 911 in
870 856 1239 913 Tirconnali&
1284 858 1600 933 absorptus
1645 876 1854 915 nomen
1898 858 2128 915 Easroae
2173 856 2430 913 torrenti
2471 856 2642 913 fecit.

316 956 355 983 ‘⁴
374 951 489 1008 Eas
506 953 543 983 ''
584 952 742 1009 enim
769 953 1012 1029 perinde
1037 962 1127 1010 est
1153 973 1219 1011 ac
1264 960 1300 987 “
1322 962 1553 1011 torrens
1570 956 1606 985 ’'
1649 955 1744 1011 vel
1785 956 2184 1013 “eumaem”
2267 953 2644 1011 Submersus

312 1051 364 1107 is
396 1059 500 1108 est.
583 1051 765 1109 Anno
793 1053 1005 1109 Mundi
1032 1055 1210 1117 4490.

434 1151 765 1209 Dithorbus
792 1153 967 1210 etiam
994 1142 1309 1229 imperinm
1337 1153 1400 1209 in
1419 1154 1718 1210 Hibernos
1743 1170 1932 1209 unum
1963 1170 2184 1209 annum
2211 1159 2274 1209 et
2287 1150 2509 1226 viginti
2537 1169 2640 1207 or·-

311 1250 448 1308 dine
473 1249 744 1327 proffime
760 1261 1080 1310 memorato
1108 1254 1392 1322 exercuit,
1414 1251 1542 1310 vita
1557 1252 1816 1321 orbatus,
1839 1252 1994 1327 apud
2019 1252 2253 1310 Corann
2275 1250 2637 1317 Cusnmaro,

312 1352 733 1426 Ouanmoigho‚
758 1360 818 1409 et
840 1352 1190 1410 Cuanslevio
1216 1353 1339 1409 suis
1368 1372 1399 1409 e
1418 1353 1603 1409 fratre
1627 1350 1961 1427 nepotibus.
2025 1351 2204 1407 Anno
2221 1348 2434 1405 Mundi
2452 1353 2568 1409 451
2587 1352 2637 1407 1.

430 1450 843 1519 Ki'mbsothus‚
866 1452 1149 1527 regnandi
1170 1450 1601 1508 necessitudine
1623 1458 1716 1507 ter
1734 1450 1826 1507 illi
1841 1450 2054 1525 septies
2075 1448 2422 1506 obveniente
2437 1463 2638 1504 unum

311 1566 529 1605 annum
548 1556 611 1605 et
637 1549 853 1625 viginti
878 1550 1175 1625 regnando
1202 1550 1482 1625 explevit.
1537 1549 1708 1607 Uxor
1723 1549 1852 1623 ejus
1879 1547 2122 1605 Meacha
2147 1546 2292 1604 Aidi
2319 1544 2456 1603 Rufi
2485 1544 2636 1611 filia,

310 1647 562 1705 extincti
591 1648 715 1722 jam
742 1650 925 1725 patris
962 1648 1240 1725 regnandi
1267 1649 1422 1705 vices
1449 1668 1482 1705 a
1511 1647 1996 1723 competitoribus
2027 1646 2083 1704 ei
2113 1646 2420 1722 denegatus
2449 1646 2638 1702 armis

308 1746 587 1816 vindicat,
616 1755 677 1804 et
704 1747 903 1804 mariti
938 1766 1187 1823 regnum
1214 1747 1285 1803 ad
1326 1751 1547 1823 septem
1575 1746 1716 1803 alios
1741 1764 1920 1804 annos
1957 1754 2250 1821 prorogat,
2279 1745 2499 1819 quibus
2523 1745 2636 1801 ille

311 1842 589 1911 decursis,
632 1845 932 1902 Eamaniae
972 1846 1176 1901 morbo
1216 1853 1524 1921 correptus
1565 1862 1808 1921 regnare
1849 1852 1910 1901 et
1935 1842 2136 1901 vivere
2171 1842 2360 1899 desiit.
2444 1843 2634 1899 Anno

314 1942 527 1999 Mundi
554 1944 728 2007 4539.

434 2040 790 2099 Kimbaotho
816 2040 951 2097 fatis
978 2041 1201 2109 functo,
1232 2040 1514 2098 Dithorbi
1539 2040 1694 2109 filiis,
1725 2047 1799 2097 ut
1827 2039 2180 2116 septennalis
2209 2037 2442 2113 imperii
2467 2037 2630 2095 vices

314 2140 715 2197 communium
732 2140 1023 2214 majorum
1044 2140 1275 2197 decreto
1296 2140 1634 2199 constitutae
1655 2140 1769 2197 sibi
1797 2139 2031 2195 tandem
2055 2138 2368 2213 obtingant
2385 2156 2628 2213 poscen-

312 2240 494 2308 tibus,
526 2238 765 2297 Mescha
791 2238 1109 2315 respondit,
1153 2248 1503 2315 potestatem
1535 2240 1754 2315 regiam
1782 2238 1936 2295 bello
1963 2236 2337 2313 comparasse,
2371 2256 2482 2293 nec
2506 2238 2630 2295 nisi

310 2338 468 2395 bello
494 2337 852 2395 amissuram.
934 2338 1034 2395 Illi
1068 2348 1203 2415 post
1242 2338 1363 2396 acie
1400 2358 1536 2395 cum
1577 2338 1645 2396 ea
1686 2337 2048 2394 decertantes
2073 2336 2431 2405 funduntur,
2463 2345 2520 2394 et
2551 2338 2630 2394 ad

312 2435 441 2510 ejus
482 2437 675 2493 aulam
715 2436 777 2493 in
802 2437 1039 2494 vincula
1066 2437 1410 2494 trahuntur.
1495 2437 1606 2494 Illa
1634 2444 1768 2511 post
1793 2436 2073 2493 maritum
2101 2453 2133 2491 e
2157 2434 2309 2491 vivis
2335 2436 2627 2505 ablatum,

310 2552 559 2609 regnum
602 2543 821 2610 septem
861 2534 1053 2591 adhuc
1089 2554 1267 2591 annos
1304 2534 1536 2602 retinet,
1570 2534 1852 2591 Dithorbi
1887 2533 2005 2595 filis
2045 2533 2116 2589 ad
2152 2532 2626 2603 Emanmacham‚

310 2650 519 2706 regum
546 2628 813 2689 Ultoniae
838 2641 1037 2709 postea
1063 2632 1426 2689 domicilium
1455 2631 1810 2689 condendam
1837 2630 2077 2689 interim
2105 2630 2333 2687 coactis.
2381 2630 2436 2686 N
2439 2646 2532 2686 am
2552 2640 2632 2689 ut

312 2729 397 2787 ait
424 2730 745 2805 Colganus:
790 2737 828 2763 “
846 2731 1027 2806 Regia
1054 2730 1213 2788 sedes
1242 2720 1623 2788 Ultoniorum
1652 2740 1777 2787 erat
1794 2730 2040 2787 Emania
2067 2748 2168 2787 seu
2189 2728 2632 2786 Emhonmacha

311 2846 492 2905 prope
518 2826 930 2897 Ardmaeham,
962 2848 1119 2885 nunc
1146 2830 1312 2886 fossis
1339 2829 1476 2887 latis
1502 2828 1768 2905 vestigiis
1796 2848 2102 2886 murorum
2138 2828 2538 2884 eminentibus
2567 2838 2632 2886 et

311 2924 627 2982 ruderibus
653 2926 969 3000 pristinum
998 2926 1263 2983 redolens
1292 2926 1752 3002 splendorem¹⁴.”
1811 2925 2080 3002 Denique
2106 2944 2223 2982 nex
2243 2926 2335 2981 illi
2361 2944 2396 2981 a
2415 2924 2629 2983 Recta-

312 3024 421 3083 cho
448 3024 613 3080 illata.
640 3023 767 3099 ejus
794 3025 933 3082 vitae
962 3044 1255 3100 regnoque
1275 3025 1450 3082 finem
1477 3026 1776 3103 imposuit.
1859 3026 2036 3083 Anno
2064 3025 2278 3082 Mundi
2303 3022 2481 3085 4546.

1078 3212 1133 3243 '-
1164 3156 1203 3190 1⁴
1225 3156 1282 3202 In
1304 3156 1487 3216 Triade,
1514 3172 1562 3217 ρ,
1587 3160 1632 3216 6,
1657 3172 1702 3204 n.
1730 3160 1774 3205 ὅ.

312 3272 419 3317 pars
452 3257 499 3304 ii.
534 3273 577 3317 p.
602 3258 723 3305 lxvi.
792 3258 850 3306 ln
883 3261 963 3307 the
995 3228 1157 3307 Ba‘ttle
1178 3263 1239 3321 os
1263 3260 1412 3322 Maqh
1514 3263 1586 3309 for
1607 3264 1923 3325 conJecturing
1943 3264 2048 3309 that
2071 3264 2204 3310 those
2225 3262 2379 3311 Irians
2402 3266 2628 3324 preceded

316 3342 458 3401 Rath,
494 3358 539 3403 p.
568 3346 673 3403 171,
710 3346 790 3392 the
813 3346 963 3392 Druid
996 3346 1211 3406 implores
1235 3346 1416 3407 Congal

316 3428 471 3487 Claen,
492 3429 569 3475 the
587 3429 726 3486 Irian,
740 3435 787 3476 to
803 3432 955 3490 guard
971 3432 1049 3477 the
1063 3430 1323 3490 Ultonians,
1336 3432 1415 3479 the

314 3527 419 3560 race
450 3514 501 3559 of
529 3513 753 3571 Ollamh3
782 3517 874 3562 and
907 3516 956 3562 in
988 3531 1049 3563 no
1092 3522 1197 3577 part
1229 3519 1281 3563 of
1308 3518 1415 3565 that

313 3610 528 3644 romanoe
558 3612 636 3644 are
656 3600 736 3645 the
757 3600 1087 3659 Eiremonians,
1112 3602 1218 3648 who
1251 3602 1417 3648 settled

314 3683 366 3728 in
389 3683 549 3731 Ulster
568 3684 618 3729 in
639 3686 719 3731 the
741 3687 897 3732 fourth
927 3688 1019 3733 and
1041 3688 1147 3733 fifth
1168 3688 1409 3747 centur-ies,

317 3766 465 3813 called
486 3766 661 3817 UUCG
680 3786 690 3815 ε
726 3771 832 3816 that
847 3786 982 3817 name
1004 3786 1197 3830 appears
1218 3774 1418 3831 opposed

315 3864 433 3897 even
455 3856 502 3897 to
524 3854 724 3914 δοθῠιῑ,
760 3857 841 3901 the
869 3870 1005 3902 name
1025 3857 1077 3901 of
1092 3856 1155 3902 all
1179 3856 1255 3903 the
1280 3856 1414 3903 Irish.

319 3935 345 3981 1
376 3936 497 3995 give,
528 3938 675 4000 inst-cl,
701 3954 745 3999 p.
771 3943 881 3998 461,
920 3946 1027 3987 note
1058 3947 1093 3999 V,
1131 3956 1210 4001 my
1234 3956 1418 3989 reasons

1514 3349 1595 3395 the
1627 3350 1946 3395 Eiremonians
1966 3350 2015 3394 in
2033 3348 2168 3407 Tara,
2193 3350 2286 3395 and
2307 3364 2428 3396 were
2461 3350 2630 3399 driven

1514 3432 1679 3479 thence
1701 3434 1767 3493 by
1788 3434 1868 3479 the
1890 3434 2192 3480 descendants
2214 3434 2265 3479 of
2283 3433 2487 3493 Ugaine.

1579 3513 1602 3546 ‘¹
1626 3516 1887 3562 Easruaidh
1907 3517 1948 3563 is
1969 3518 2066 3563 still
2079 3518 2158 3565 the
2171 3534 2306 3565 name
2323 3519 2375 3565 of
2391 3522 2471 3567 the
2493 3529 2629 3581 great

1516 3582 1720 3648 cateract
1741 3609 1792 3648 at
1813 3602 2179 3662 Ballyshannon,
2199 3604 2248 3649 in
2269 3604 2550 3665 Tit-conuell,
2575 3621 2630 3653 or

1517 3693 1690 3748 county
1714 3687 2056 3749 Denegat-J.
2086 3687 2213 3734 O’D.

1581 3778 1603 3803 e
1625 3773 1671 3818 A
1694 3774 1873 3834 barony
1897 3774 1948 3819 in
1969 3774 2048 3820 the
2071 3780 2244 3835 county
2267 3774 2561 3835 suga-lb.

1587 3854 1604 3888 f
1625 3858 1743 3903 Now
1758 3858 1838 3903 the
1857 3858 1905 3904 N
1907 3871 2029 3905 avan
2049 3858 2152 3916 fort,
2169 3873 2280 3905 near
2295 3858 2526 3919 Armagh.
2553 3860 2626 3907 lb.

1588 3950 1612 3984 3
1628 3944 1776 3991 There
1805 3959 1882 3992 are
1913 3960 1974 3992 no
2008 3946 2207 3993 remains
2243 3946 2295 3991 of
2320 3952 2450 3993 stone
2487 3949 2626 3995 walls
