2834 4467
331 230 483 300 326-
1100 248 1510 295 osunnsnsm
1541 244 1851 295 svsns‘ns.
2393 252 2554 317 tou.
2585 254 2650 300 v.

337 401 538 459 nautis
576 398 845 459 exhibito
870 401 1045 461 fidem
1070 396 1349 461 adhibere
1374 400 1510 478 quis
1548 400 1987 479 obstringitur?
2067 400 2218 461 Nam
2242 404 2358 460 “in
2391 402 2652 460 navibus

333 498 569 556 educati
604 498 799 569 rudes,
840 507 903 558 et
936 496 1111 557 alieni
1144 520 1179 556 a
1204 500 1470 557 moribus
1505 500 1868 569 liberalibus,
1907 507 1970 558 et
2001 500 2298 558 communi
2321 519 2497 558 sensu
2523 518 2654 557 esse

335 594 539 658 solent.
598 594 923 655 Nauticum
952 597 1107 655 enim
1133 616 1320 674 genus
1347 616 1455 655 suo
1481 598 1768 656 elemento
1793 598 2122 673 respondet,
2139 596 2302 673 quod
2327 617 2362 654 a
2379 597 2654 655 civilium

334 695 640 754 hominum
666 696 1011 755 commercio
1038 696 1379 753 submotum
1406 696 1648 753 vivat⁷.”
1727 696 1785 753 N
1787 714 1852 753 ec
1876 694 2039 753 aliud
2075 704 2165 753 est
2189 695 2502 753 maritimis
2527 712 2660 752 esse

336 792 599 850 moribus
630 793 811 868 quam
850 793 1202 868 agrestibus,
1244 790 1577 862 inconditis,
1618 784 1682 851 et
1715 792 2038 851 mobilibus
2061 794 2250 850 instar
2275 792 2450 850 maris
2489 792 2658 868 quod

335 892 742 966 frequentant;
786 890 860 949 ad
898 910 1127 949 omnem
1154 891 1278 968 spei
1304 892 1400 950 vel
1435 890 1666 950 timoris
1703 892 1915 949 flatum
1957 890 2306 969 plerumque
2343 890 2674 957 circumfer

337 999 578 1059 runtur,
622 998 685 1047 et
727 990 1103 1050 rumusculos
1138 998 1449 1066 spargunt,
1499 1008 1617 1048 non
1641 988 1911 1049 veritatis
1951 988 2282 1067 saepissime,
2325 990 2426 1047 sed
2467 986 2660 1047 studii

339 1104 543 1145 eorum
567 1086 773 1146 habits,
798 1089 1042 1158 ratione,
1066 1088 1424 1165 quibuscum
1443 1106 1540 1146 eos
1560 1087 2009 1145 communicant-
2076 1086 2217 1145 Huc
2243 1086 2470 1145 accedit
2488 1084 2660 1161 quod

338 1202 509 1244 nemo
536 1166 865 1263 adducetur
888 1194 963 1243 ut
989 1182 1193 1244 credat
1224 1202 1428 1243 curam
1455 1182 1677 1261 popelli
1699 1184 1958 1260 alicujus
1989 1184 2276 1261 religione
2297 1184 2662 1241 informandi

341 1292 549 1341 nautas
572 1284 775 1353 usisse,
803 1284 910 1361 qui
928 1282 1187 1361 quaestfis
1204 1281 1443 1341 tantum
1462 1282 1711 1341 faciendi
1729 1282 1906 1341 caus&
1933 1282 2369 1353 sciscitationes,
2392 1290 2454 1341 et
2475 1282 2659 1340 collo—

342 1382 483 1458 quia
506 1383 855 1459 plerumque
880 1382 1228 1441 instituunt.
1284 1380 1439 1440 Cum
1463 1378 1608 1439 verb
1635 1381 1872 1439 nullum
1903 1382 2180 1441 Giraldus
2205 1390 2416 1441 testem
2439 1381 2506 1438 in
2531 1398 2658 1439 me-

343 1480 511 1539 dium
548 1481 808 1557 proferat
841 1480 957 1539 nisi
998 1487 1038 1515 “
1056 1480 1602 1557 comprovincialem
1615 1482 1674 1548 ;”
1711 1498 1831 1538 non
1864 1478 2089 1556 injuris
2129 1480 2264 1557 quis
2299 1480 2658 1557 suspicetur,

346 1584 384 1615 “
401 1598 477 1637 ex
518 1579 825 1638 homicidis
870 1578 1007 1648 illis,
1052 1576 1360 1649 seditiosis,
1402 1587 1468 1638 et
1505 1578 1858 1655 flagitiosis„
1897 1579 2126 1656 aliquos
2165 1579 2280 1637 sibi
2326 1577 2660 1649 adscivisse,

346 1685 386 1716 ‘⁶
400 1696 550 1753 quos
574 1678 891 1755 Philippus
915 1678 989 1737 de
1006 1680 1235 1737 Breusa
1256 1696 1379 1755 prae
1404 1678 1536 1736 aliis
1560 1677 1862 1736 eleetos-in
1889 1674 2164 1737 (lambris
2190 1678 2307 1735 sibi
2332 1676 2662 1735 adsociave-

344 1776 519 1833 rat⁸.”
586 1775 677 1833 Ut
694 1764 962 1849 jamnon
989 1775 1239 1833 dubium
1269 1774 1366 1844 sit,
1396 1771 1545 1851 quin
1571 1792 1606 1833 e
1641 1775 1840 1835 triviis
1865 1782 1928 1834 et
1951 1775 2240 1852 compitis,
2279 1774 2662 1834 circumfora-

344 1888 490 1929 neos
508 1877 761 1947 sgyrtas,
790 1868 1191 1949 sycophantas,
1221 1878 1283 1929 et
1308 1871 1570 1930 semisses
1603 1886 1876 1947 agasones
1900 1861 2016 1930 sibi
2041 1870 2402 1945 adjunxerit,
2421 1888 2664 1929 eorum·

347 1988 465 2047 que
507 1970 826 2029 delationes
866 1970 1139 2029 secundis
1183 1969 1432 2029 auribus
1467 1979 1758 2047 exceptas,
1799 1969 1876 2029 ad
1917 1968 2218 2031 infamiam
2251 1968 2448 2047 gentis
2479 1967 2660 2045 longe

347 2070 583 2145 lateque
606 2066 1048 2126 diffundendam
1072 2066 1457 2145 evulgaverit.
1537 2068 1644 2127 Ut
1664 2067 2030 2127 narrationes
2055 2086 2088 2127 e
2114 2076 2236 2127 tam
2259 2067 2474 2126 vilium
2497 2067 2662 2145 capi·

350 2174 483 2225 tum
510 2165 741 2225 sentina
766 2165 1025 2236 haustas,
1054 2165 1171 2225 fide
1196 2165 1446 2226 destitui
1471 2171 1755 2244 oporteat.

208 2272 326 2340 [39]
468 2262 482 2344 Ι
510 2264 719 2341 Itaque
758 2263 937 2329 nimis
976 2264 1096 2323 levi
1130 2264 1542 2342 objugatione
1575 2265 1806 2327 Primae
1839 2264 2142 2325 Hibernia
2171 2264 2484 2325 Giraldum
2521 2280 2658 2342 per·

348 2364 595 2440 stringit
638 2363 855 2434 dicens,
916 2366 955 2399 ⁴⁴
974 2363 1327 2440 iniquiorem
1376 2382 1516 2423 eum
1564 2363 1747 2425 fuisse
1791 2363 1854 2422 in
1907 2360 2203 2423 nationem
2245 2373 2307 2425 et
2357 2365 2670 2442 regionem·

314 2508 321 2515 .
349 2461 789 2521 Hibernicam.”
870 2459 1093 2521 Acrius
1117 2458 1314 2519 multo
1353 2460 1417 2519 in
1445 2479 1506 2521 se
1531 2461 1910 2538 superstitem
1934 2462 2162 2537 aliquos
2186 2461 2449 2521 invectos
2473 2462 2660 2521 fuisse

347 2557 473 2635 ipse
496 2558 837 2635 gravissime
870 2558 1161 2637 queritur
1188 2558 1477 2617 scribensx
1519 2564 1721 2635 “opus
1745 2578 1867 2619 non
1893 2558 2153 2637 ignobile
2177 2568 2437 2619 nostram
2463 2560 2658 2637 Topo-

346 2655 651 2733 graphiam
676 2658 831 2717 livor
854 2658 1054 2728 laniat,
1090 2666 1153 2716 et
1176 2656 1483 2717 detrectat.
1563 2657 1778 2716 Primae
1803 2656 2172 2717 distinctioni
2197 2667 2259 2717 et
2285 2658 2478 2717 tertiae
2502 2658 2662 2717 livor

349 2760 555 2813 contra
578 2762 852 2815 naturam
877 2754 942 2813 in
967 2753 1171 2813 laudes
1194 2772 1508 2831 erumpens
1531 2754 1824 2815 oblatrare
1850 2762 1972 2817 tam
1997 2755 2444 2826 verecundatur,
2475 2755 2660 2833 quam

348 2860 608 2911 veretur.
688 2852 761 2913 In
794 2852 1047 2912 mediam
1070 2852 1508 2911 distinctionem
1533 2852 1854 2912 insolenter
1877 2852 2214 2923 invehitur;
2253 2852 2461 2931 objicit
2499 2856 2660 2913 enim

349 2952 415 3009 in
440 2950 601 3011 hunc
636 2950 905 3010 modum:
946 2950 1159 3031 lupum
1185 2949 1515 3011 introducit
1539 2970 1676 3010 cum
1715 2950 2014 3010 sacerdote
2051 2952 2406 3028 loquentem,
2442 2953 2662 3011 bovina

349 3049 607 3109 humano
644 3051 875 3128 corpori
899 3050 1165 3128 depingit
1189 3058 1471 3121 extrema,
1500 3051 1806 3109 mulierem
1828 3050 2152 3122 barbatam,
2181 3051 2414 3111 hircum
2439 3060 2659 3110 amato-

350 3170 476 3209 rem
522 3159 585 3210 et
618 3151 921 3209 leonem⁹.”
1001 3150 1114 3209 Ille
1150 3149 1410 3208 divinam
1436 3150 1760 3228 potentiam
1785 3150 1973 3208 errori
2005 3168 2112 3209 sno
2146 3158 2492 3227 praetexens,
2535 3150 2662 3209 haec

347 3250 547 3325 jacula
571 3258 849 3309 excutere
872 3250 1123 3319 uitium
1164 3268 1231 3308 sc
1256 3250 1307 3307 si
1330 3268 1472 3309 vera
1501 3248 1684 3307 fuisse
1701 3267 1833 3325 quoe
1859 3250 2075 3311 retulit
2094 3250 2360 3327 prodigia
2383 3250 2524 3309 hinc
2555 3250 2659 3309 eli-

355 3355 534 3419 ceret,
564 3348 729 3425 quod
754 3350 817 3409 in
834 3349 947 3407 Dei
971 3356 1383 3425 portentorum
1410 3347 1632 3424 opificis
1659 3354 1949 3424 potestate
1975 3348 2156 3405 situm
2183 3349 2262 3406 sit
2287 3368 2355 3407 ea
2391 3357 2658 3424 patrare;

354 3446 661 3506 axiomatis
690 3452 729 3481 ‘⁶
745 3466 780 3505 a
804 3446 1070 3525 potentia
1090 3446 1163 3504 ad
1190 3454 1390 3506 actum
1418 3465 1535 3504 non
1555 3444 1712 3504 valet
1733 3447 2205 3521 consequentis,”
2223 3446 2317 3505 vel
2344 3445 2660 3506 dialectices

355 3546 679 3607 candidatis
714 3546 1006 3609 notissimi
1040 3544 1213 3623 plane
1252 3546 1347 3605 vel
1384 3547 1706 3614 immemor,
1747 3544 1840 3604 vel
1883 3546 2140 3621 ignarus
2221 3546 2421 3605 Testes
2458 3546 2660 3623 potius

357 3666 476 3705 suae
503 3646 856 3707 narrationis
891 3645 1070 3727 quam
1095 3644 1582 3725 locupletissimos
1608 3644 1848 3703 laudare
1874 3644 2100 3716 debuit,
2141 3665 2208 3705 ac
2231 3646 2373 3715 locs,
2401 3654 2656 3723 tempus,

356 3765 627 3823 personas
660 3746 1005 3809 nominatim
1044 3744 1359 3822 designare.
1442 3746 1500 3803 N
1503 3765 1578 3803 on
1617 3745 1772 3803 enim
1810 3746 2114 3820 potestatis
2139 3745 2350 3805 divinae
2387 3744 2656 3813 facultas,

360 3884 650 3999 ffl'LAJ-gxagia
671 3886 867 3945 Erasmi,
893 3884 1058 3933 titulus
1078 3886 1128 3933 in
1149 3885 1371 3945 stupidos.
1460 3886 1482 3919 ⁸
1505 3884 1617 3931 Hib.
1653 3884 1842 3944 Expug.
1866 3882 1946 3930 lib.
1969 3884 2018 3930 ii.
2041 3898 2138 3947 cap.
2169 3886 2243 3932 12.
2327 3884 2348 3918 ⁹
2369 3882 2600 3931 Praefatio.
2625 3884 2655 3929 i.

460 3984 472 3997 .
572 3964 683 4011 pug-
1288 3958 1299 3973 ·
