2834 4467
338 152 469 217 400
1128 172 1540 217 cannannsrs
1571 172 1880 217 nvnasus,

2379 175 2526 238 [Car.
2552 176 2664 223 VII.

338 336 451 397 cat,
503 334 541 361 “
558 325 929 383 Solomonem
970 327 1225 383 alterum
1240 328 1277 357 ”
1330 345 1468 383 eum
1507 326 1834 395 nominans,
1881 324 2166 399 additque
2215 329 2252 357 “
2271 324 2488 381 famam
2533 327 2666 399 ejus

268 456 281 465 ·
336 426 567 483 meritis
602 426 921 494 minorem3
962 424 1415 483 debacchantem
1459 433 1582 481 tam
1625 425 1784 481 Asiae
1814 423 2008 499 ⁷‚quam
2051 424 2306 498 Europae
2349 424 2665 499 gentilium

338 524 597 581 furorem
627 524 1005 581 coercuisse.”
1060 524 1273 581 Postea
1303 529 1341 555 “
1358 523 1740 598 piissimum”
1768 542 1902 579 eum
1925 531 2110 590 vocat,
2131 531 2192 579 et
2213 522 2500 579 Hibernis
2517 522 2665 579 divi-

337 623 505 679 nitus
532 622 827 697 obtigisse,
862 630 899 655 “
920 621 1093 696 cujus
1128 622 1426 680 ecclesiam
1461 631 1520 679 et
1547 640 1796 695 regnum
1825 622 1879 678 ei
1909 621 2120 677 debere
2140 623 2176 653 ”
2210 622 2294 677 ait
2325 627 2361 651 ‘⁶
2379 621 2666 695 quicquid

338 719 411 777 de
449 722 601 777 bono
641 720 797 796 pacis
836 729 897 777 et
922 719 1269 776 incrementi
1308 718 1608 793 religionis
1637 727 1727 775 est
1761 720 2119 775 assecuta⁶⁹.’'
2208 718 2280 774 In
2316 738 2382 775 eo
2411 718 2549 775 deni
2591 740 2663 776 ue

342 826 381 853 “
402 820 643 878 Merlini
660 820 963 877 Ambrosii
984 820 1378 876 vaticinium„
1406 818 1774 894 implendum
1793 836 1932 885 esse,
1961 818 2174 893 passim
2195 780 2563 894 pronuntia&
2593 826 2662 874 ut

340 938 419 977 ex
444 920 819 976 oraculorum
846 920 1257 995 praenuntione
1280 918 1518 975 laudem
1544 918 1635 973 illi
1661 925 2010 992 aucupetur.

458 1017 575 1075 Sed
594 1036 770 1092 quem
796 1019 1003 1075 vivum
1028 1018 1123 1075 his
1148 1018 1442 1087 laudibus,
1461 1018 1730 1075 eumdem
1757 1018 2090 1073 extinctum
2117 1014 2452 1091 opprobriis
2475 1016 2656 1071 alibi⁷⁰

340 1118 634 1174 cumulat:
648 1117 1053 1173 inconstantiae
1074 1116 1357 1173 nimirum
1368 1125 1430 1173 et
1444 1116 1696 1191 publicae
1717 1114 1854 1171 fidei
1872 1114 2103 1171 violatae
2119 1132 2290 1171 reum
2305 1114 2450 1188 agit,
2467 1114 2654 1171 docet-

342 1234 457 1289 que
484 1214 655 1270 illum
698 1222 817 1271 tam
852 1214 915 1269 in
952 1213 1252 1288 promissis
1294 1213 1572 1270 faciendis
1610 1204 1930 1280 liberalem,
1960 1210 2140 1285 quam
2183 1211 2248 1267 in
2287 1211 2508 1267 eisdem
2544 1202 2654 1269 non

339 1312 683 1388 praestandis
708 1312 957 1369 infidum
984 1312 1190 1369 fuisse:
1218 1330 1285 1368 ac
1310 1312 1453 1369 adeo
1479 1331 1513 1369 a
1539 1312 1760 1387 pietate
1797 1311 2068 1379 alienum,
2099 1319 2172 1366 ut
2199 1328 2361 1367 sacro
2387 1312 2654 1368 assistens

338 1413 443 1469 vix
478 1412 551 1467 ad
590 1430 763 1468 sacrae
804 1411 1008 1489 hostioe
1050 1411 1359 1467 elationem
1392 1411 1458 1467 in
1499 1430 1691 1486 genua
1737 1410 2042 1478 demissus,
2085 1410 2386 1483 reliquum
2427 1418 2656 1485 tempus

338 1512 619 1586 colloquia
644 1511 901 1587 profanis
928 1510 1305 1585 impenderet.
1386 1510 1678 1567 Praeterea
1704 1510 1972 1566 fortunas
1997 1508 2216 1583 amplas
2243 1508 2386 1564 viris
2409 1508 2655 1565 Ecclesi-

337 1612 535 1667 asticis
560 1628 667 1685 per
690 1610 971 1683 injuriam
998 1616 1244 1683 ereptas,
1288 1610 1351 1663 in
1390 1608 1666 1683 profanos
1705 1608 1968 1665 homines
2005 1606 2342 1673 contulerit,
2392 1586 2434 1639 *ἵ
2451 1616 2514 1663 et
2547 1608 2655 1663 alia

336 1711 527 1765 multa
544 1712 581 1741 ”
608 1710 859 1765 enormis
878 1709 1017 1765 vitae
1034 1708 1249 1765 delicta
1271 1708 1614 1783 patraverit.
1679 1708 1838 1775 Quid
1855 1707 2060 1764 multis
2073 1704 2102 1763 P
2159 1706 2350 1764 David
2377 1707 2654 1763 Povellus

338 1809 543 1865 scribit
574 1813 611 1839 “
632 1807 943 1865 Giraldum
970 1819 1179 1882 parum
1206 1804 1447 1863 candide
1475 1807 1548 1864 de
1571 1808 1827 1865 Henrico
1849 1788 2008 1882 Rege
2027 1807 2310 1874 sentiisse²
2329 1814 2391 1861 et
2413 1806 2478 1861 in
2503 1806 2654 1863 libro

337 1906 411 1964 de
435 1907 718 1983 principis
744 1906 1149 1973 instructione,
1182 1904 1387 1967 acerbe
1414 1905 1726 1963 admodum
1755 1905 1817 1961 in
1853 1906 2072 1980 Regem
2100 1905 2429 1961 Henricum
2457 1906 2538 1961 ΙΙ.
2565 1906 2652 1961 in-

336 2015 572 2063 vectum
600 2005 797 2073 fuisse,
826 2004 934 2061 ubi
962 2022 1081 2060 suae
1106 2003 1524 2060 malevolentiae
1551 2003 1716 2060 virus
1741 2003 1828 2060 ita
1853 2002 2088 2071 evomit,
2128 2012 2200 2059 ut
2226 2021 2404 2059 suum
2431 2002 2650 2060 invete-

335 2113 533 2161 ratum
562 2102 762 2159 odium
791 2102 929 2159 satis
957 2098 1600 2175 manifeste‘prodatsse’
2549 2162 2569 2172 ἱ

456 2201 795 2259 Alexander
821 2218 1066 2275 magnus
1094 2198 1397 2255 historiam
1428 2199 1766 2256 Aristobuli
1791 2195 1992 2256 laudes
2018 2198 2370 2267 immodicaS,
2403 2209 2468 2257 et
2491 2200 2652 2256 ultra

336 2300 463 2357 veri
490 2300 633 2355 fines
657 2297 830 2373 longe
858 2316 1189 2373 progressas
1217 2296 1560 2354 Alexandro
1589 2298 1950 2354 tribuentem
1978 2298 2042 2353 in
2067 2298 2460 2372 profluentem
2489 2300 2648 2373 abje-

337 2398 447 2453 cit:
486 2397 603 2471 qua
636 2398 827 2472 igitur
856 2397 1147 2471 voragine,
1176 2404 1282 2452 aut
1308 2396 1760 2471 conflagratione
1787 2398 1937 2453 liber
1961 2397 2188 2453 Giraldi
2213 2398 2408 2473 perire
2435 2398 2648 2473 dignus

336 2494 465 2552 est?
494 2496 599 2569 qui
626 2515 743 2551 non
770 2495 961 2553 solum
982 2495 1263 2551 indebitis
1284 2494 1562 2551 laudibus
1585 2496 1912 2558 Henricum
1933 2496 2182 2563 ornavit,
2209 2496 2312 2552 sed
2325 2496 2647 2553 immodicis

334 2592 510 2650 etiam
537 2593 847 2666 vituperiis
874 2591 1123 2649 eundem
1150 2592 1514 2649 deformavit.
1593 2594 1779 2649 Nulla
1819 2613 2082 2667 unquam
2117 2592 2262 2650 fides
2289 2594 2564 2651 laudanti
2589 2604 2646 2651 et

334 2688 570 2747 laedenti
594 2688 795 2745 habita
816 2698 921 2759 est,
952 2692 1057 2765 qui
1084 2690 1227 2747 dum
1254 2691 1426 2759 ridet,
1456 2691 1700 2759 mordet,
1733 2700 1794 2749 et
1819 2692 1956 2747 fella
1983 2692 2224 2766 spergit,
2253 2691 2400 2747 dum
2437 2694 2644 2749 menti·

336 2796 460 2859 tur,
482 2788 1203 2845 samaram-renidentibus
1218 2789 1415 2857 labriS‚
1440 2808 1662 2847 venena
1677 2789 1950 2867 devomit.
2011 2795 2048 2820 ‘⁴
2065 2788 2152 2847 Ut
2170 2790 2308 2848 Bias
2324 2790 2643 2867 sciscitanti

396 2991 439 3023 ευ
462 2988 573 3035 Hib.
594 2988 783 3046 Expug.
806 2986 886 3033 nb.
904 2986 935 3033 i.
958 3001 997 3032 ο.
1026 2987 1315 3044 313ibid.-c.
1342 2962 1437 3034 35(
1485 2989 1528 3021 ⁷0
1553 2988 1665 3035 Hib.
1690 2988 1878 3046 Expug.
1901 2987 1982 3033 lib.
2006 2989 2038 3034 i.
2063 3003 2104 3035 ο.
2127 2990 2206 3035 46.
2253 2990 2296 3021 τι
2320 2988 2482 3035 Itiner.
2503 2989 2639 3037 eam-

332 3054 458 3113 briae,
483 3054 563 3099 lib.
602 3054 633 3098 i.
662 3067 701 3098 c.
728 3056 785 3111 23
823 3053 933 3097 ibid.
959 3066 997 3097 c.
1023 3054 1068 3109 4,
1104 3058 1151 3097 et
1172 3057 1333 3097 annot(
1352 3053 1412 3098 ad
1431 3066 1470 3097 c.
1494 3056 1540 3099 4.
1607 3055 1648 3087 ⁷2
1671 3054 1782 3099 Hib.
1808 3052 1998 3113 Expug.
2016 3054 2094 3100 lib.
2119 3054 2150 3098 i.
2169 3068 2234 3099 cc.
2263 3055 2338 3111 14,
2361 3055 2439 3099 15.

1533 3198 1736 3244 riensis.''
1791 3200 1822 3223 “
1841 3198 1966 3253 Quos
1982 3198 2210 3256 principes
2229 3196 2354 3242 viros
2376 3196 2518 3243 valde
2539 3197 2638 3251 lau-

1533 3281 1681 3336 darfit,
1723 3276 1824 3325 vita
1855 3280 2038 3325 functos
2060 3279 2198 3325 valde
2235 3279 2474 3337 vituperat
2499 3280 2636 3327 Omn-

1721 3364 1819 3409 The
1855 3365 1882 3388 “
1897 3364 2207 3422 Topography
2236 3364 2289 3408 of
2323 3361 2560 3421 {reland‚”
2589 3365 2638 3409 in

352 3208 367 3215 ‘
397 3205 433 3231 ²¹¹
452 3199 677 3259 Chapters
699 3213 749 3245 x.
774 3200 867 3245 and
890 3198 957 3244 xi.
977 3198 1029 3251 of
1044 3196 1243 3244 White's
1256 3196 1433 3257 Apolo-

326 3287 411 3344 92'a
428 3298 507 3331 are
522 3298 581 3330 on
598 3284 693 3329 this
712 3284 903 3343 subject.
963 3282 1039 3327 He
1058 3282 1204 3341 gives,
1217 3286 1282 3327 ‘at
1301 3286 1435 3339 great

330 3367 507 3427 length,
544 3369 625 3413 the
658 3369 895 3414 character
916 3367 967 3413 of
984 3367 1161 3425 Henry,
1199 3379 1251 3411 as
1271 3365 1434 3411 drawn
1531 3364 1654 3410 ber.”

330 3453 397 3511 by
428 3452 647 3499 Gir-aldus
679 3453 831 3499 before
865 3452 958 3497 and
990 3452 1107 3497 after
1138 3451 1244 3496 that
1266 3450 1434 3508 King’s

331 3537 485 3583 death.
542 3536 640 3581 The
659 3537 871 3595 chapters
892 3550 969 3581 are
990 3534 1182 3581 entitled
1202 3535 1231 3560 “
1244 3534 1432 3592 Apertae

330 3622 618 3669 adulationes
644 3622 837 3669 Cambri
870 3623 1091 3669 adversus
1110 3617 1430 3678 Archiepisco-

329 3718 443 3763 pum
466 3705 858 3763 cantuariensem,
896 3711 943 3751 et
965 3704 1217 3751 Hem-icum
1242 3703 1307 3749 ΙΙ.
1336 3704 1430 3749 Re·-

331 3802 437 3847 gem
464 3788 725 3848 Anglorum
754 3791 907 3835 adhuc
930 3790 1178 3847 viventem,
1212 3788 1293 3848 qui
1322 3802 1430 3836 reus

356 3880 431 3923 rat-
460 3874 625 3921 mortis
653 3874 889 3933 Martyris,
926 3874 973 3921 S.
1002 3875 1191 3921 Thomae
1220 3874 1428 3925 Cantua-

1531 3450 1686 3495 which
1707 3450 1786 3495 the
1807 3448 1932 3495 chief
1949 3448 2117 3507 eulogy
2133 3448 2174 3493 is
2190 3448 2406 3495 lavished
2428 3462 2490 3493 on
2508 3449 2636 3494 Hen-

1530 3548 1589 3593 ry
1611 3533 1692 3591 IL,
1712 3547 1810 3579 was
1829 3533 2072 3593 composed
2089 3532 2224 3577 when
2233 3532 2460 3578 Giraldus
2477 3546 2576 3578 was
2589 3533 2638 3579 iu

1529 3620 1610 3668 the
1631 3618 1841 3665 thirtieth
1862 3632 1977 3677 year
1997 3618 2048 3663 of
2074 3617 2148 3663 his
2179 3631 2298 3676 age3
2335 3618 2420 3663 the
2445 3620 2475 3643 “
2493 3618 2635 3664 Itine-

1528 3717 1636 3763 rary
1659 3704 1710 3749 of
1721 3739 1726 3747 .
1741 3700 1944 3760 WaleS‚'’
1975 3702 2064 3749 and
2098 3702 2178 3747 the
2217 3703 2243 3726 “
2262 3702 2560 3761 Description
2593 3703 2641 3747 of

1529 3787 1730 3845 Wales‚'’
1753 3792 1830 3831 ten
1861 3800 1999 3846 years
2027 3786 2175 3843 later3
2210 3787 2305 3831 and
2326 3787 2410 3832 the
2445 3788 2640 3835 “Gesta

1530 3868 1755 3928 Giraldi,”
1773 3870 1821 3913 in
1845 3870 1920 3915 his
1949 3870 2118 3915 fiftieth
2137 3883 2262 3929 year.
2271 3870 2523 3933 -Anqlia
2549 3870 2636 3916 Sa·
