2834 4467
314 182 436 249 148
1087 200 1497 247 caunannsxs
1526 198 1835 246 rvssasus.

2374 199 2531 265 [Car.
2556 202 2625 249 11.

310 355 488 431 lignis
519 356 832 432 spiritibus
850 357 889 387 ”
917 355 1124 433 (verba
1165 362 1308 413 sunt
1335 351 1591 427 Giraldi)
1638 358 1676 385 “
1698 352 1899 410 statim
1934 350 2315 429 arripiantur,
2359 360 2421 410 et
2446 362 2623 411 nocte

312 452 440 511 tots
467 462 744 529 tanquam
764 455 1046 532 gravibus
1064 454 1248 530 poenis
1267 454 1629 521 crucientur,
1647 452 1961 526 tantisque,
1991 458 2053 508 et
2071 460 2192 508 tam
2216 448 2623 510 ineffabilibus

313 552 466 627 ignis
495 560 556 610 et
581 558 746 627 aquae
774 554 1039 628 variique
1063 552 1293 628 generis
1319 551 1633 609 tormentis
1658 552 2013 608 incessanter
2038 550 2435 626 affligantur.”
2492 551 2555 609 N
2556 570 2623 609 ec

313 650 468 708 enim
495 652 844 709 confessores
871 651 962 708 illi
997 651 1218 709 nescire
1249 658 1539 727 poterant,
1568 648 1732 726 quod
1760 648 2131 707 Salteriensis
2158 649 2370 708 tradit:
2413 656 2451 683 “
2470 658 2621 709 tem-

313 767 454 825 pore
481 749 539 807 S.
558 749 820 819 Patricii,
843 759 904 808 et
923 750 1053 807 aliis
1069 758 1269 826 postea
1285 750 1651 825 temporibus
1670 749 1890 806 multos
1908 748 2170 807 homines
2190 750 2623 825 Purgatorium

315 846 640 915 intravisse,
659 833 914 921 quorum
940 847 1041 905 alii
1065 847 1286 904 reversi
1307 854 1467 915 sunt,
1495 846 1595 902 alii
1621 846 1684 902 in
1711 846 1837 921 ipso
1864 846 2230 922 perierunt.”
2272 848 2625 923 Nunquam,

178 945 292 1011 [11]
317 946 572 1021 inquam,
602 945 920 1021 prudentia
943 944 1091 1014 illos,
1117 945 1340 1021 religi0,
1377 942 1386 1021 Ι
1417 963 1484 1001 ac
1509 930 1635 1019 ipsa
1660 942 1912 1018 denique
1938 945 2091 1003 ratio
2118 944 2259 1002 adeo
2284 944 2517 1015 defecit,
2546 954 2625 1005 ut

318 1042 680 1101 Christianos
715 1050 836 1100 tam
863 1051 1064 1119 aperto
1089 1042 1375 1126 pereundi
1399 1042 1663 1118 periculo
1690 1043 1935 1101 scientes
1960 1042 2305 1117 objicerent.

435 1140 662 1197 Deinde
679 1140 955 1198 Giraldus
983 1140 1294 1215 subjungit
1319 1138 1573 1214 hujusce
1598 1140 1939 1216 Purgatorii
1964 1141 2433 1217 peregrinatione
2450 1142 2627 1201 func-

315 1246 465 1307 tm,
495 1238 608 1296 alia
637 1246 838 1315 postea
872 1246 1164 1297 tormenta
1197 1258 1314 1295 non
1341 1256 1783 1315 perpessurum:
1828 1246 1867 1272 “
1886 1239 2001 1297 nisi
2025 1239 2298 1316 graviora.
2318 1243 2623 1301 commise-

315 1336 455 1395 rit.”
534 1338 804 1403 Perinde,
822 1357 888 1396 ac
923 1337 974 1395 si
1009 1337 1244 1407 diceret,
1290 1356 1587 1413 egressum
1622 1356 1698 1394 ex
1731 1336 1843 1395 hoc
1868 1338 2221 1413 Purgatorio
2256 1340 2625 1399 atrocissima

317 1454 565 1511 quaeque
588 1436 812 1513 flagitia
849 1434 1092 1513 impune
1121 1436 1403 1504 laturum,
1434 1435 1485 1491 si
1510 1436 1819 1493 atrocitate
1843 1435 2057 1511 prioris
2082 1416 2220 1493 vitae
2246 1437 2463 1495 scelera
2488 1446 2623 1495 tan-

316 1535 448 1593 tum
475 1543 799 1610 exaequent,
829 1554 948 1592 non
969 1540 1263 1610 superent.
1319 1534 1390 1590 Id
1415 1540 1523 1602 est,
1542 1533 1593 1590 si
1620 1534 1923 1609 parricidii
1942 1534 2203 1604 crimine,
2223 1536 2320 1592 vel
2340 1536 2627 1617 deteriori

315 1652 392 1701 se,
421 1634 738 1709 antequam
776 1633 838 1689 in
866 1640 1036 1689 antro
1063 1632 1477 1699 diversaretur,
1516 1630 1941 1707 inquinaverit:
1962 1640 2039 1690 et
2077 1632 2187 1689 hoc
2224 1632 2413 1691 scelus
2440 1635 2629 1691 simili

317 1730 542 1800 deinde,
569 1751 686 1788 non
701 1731 910 1805 majori
931 1731 1142 1789 scelere
1169 1730 1578 1799 cumulaverit,
1601 1730 1921 1789 immunem
1936 1749 2071 1788 eum
2091 1732 2397 1791 tormentis
2416 1741 2627 1808 postea

314 1826 632 1887 futurum?
703 1828 834 1897 Quo
861 1827 1007 1904 quid
1031 1827 1317 1886 insulsius
1343 1826 1463 1884 dici
1488 1835 1683 1903 potest
1708 1847 1825 1885 non
1850 1828 2050 1897 video:
2078 1828 2195 1885 nisi
2220 1830 2295 1887 ab
2319 1829 2432 1888 hoc
2460 1832 2627 1907 quod

317 1926 600 2001 sequitur,
649 1925 984 1983 insulsitate
1027 1933 1358 2002 superetur.
1443 1930 1481 1956 “
1499 1923 1558 1979 A
1598 1924 1925 1981 temerariis
1963 1924 2362 1996 hominibus,”
2397 1929 2623 2004 inquit,

319 2030 356 2056 ‘⁶
371 2043 794 2100 nonnunquam
819 2032 1048 2081 constat
1075 2042 1198 2081 esse
1221 2024 1596 2100 probatum,”
1623 2031 1856 2098 quantae
1875 2041 2057 2099 poenae
2082 2044 2119 2081 a
2135 2027 2627 2101 pernoctantibus

313 2123 375 2179 in
401 2121 512 2180 hoc
539 2122 892 2197 Purgatorio
917 2122 1309 2198 perferantur.
1377 2119 1637 2179 Tantum
1664 2128 1861 2179 autem
1886 2123 2052 2179 abest
2074 2131 2148 2179 ut
2173 2122 2314 2205 quis⁸
2332 2143 2623 2200 unquam,

311 2230 448 2279 ante
476 2221 708 2281 Giraldi
735 2230 1012 2297 tempora,
1043 2219 1282 2289 temere,
1323 2228 1396 2277 ut
1424 2218 1627 2296 potius
1654 2220 1883 2278 summa
1908 2220 2326 2281 deliberatione
2350 2224 2626 2285 adhibita

313 2320 378 2375 in
402 2318 514 2377 hoc
551 2338 614 2379 se
651 2326 890 2376 antrum
925 2317 1262 2375 immiserit:
1308 2322 1346 2351 ‘⁸
1367 2318 1516 2373 Erat
1555 2316 1710 2375 enim
1746 2318 2165 2389 consuetudo‚”
2206 2320 2407 2395 inquit
2430 2321 2625 2383 Salte-

313 2417 540 2486 riensis,
573 2424 610 2451 “
627 2428 748 2476 tam
775 2437 810 2475 a
837 2418 896 2475 S.
925 2417 1202 2485 Patrici0‚
1232 2416 1412 2492 quam
1437 2416 1515 2472 ab
1538 2415 1668 2489 ejus
1694 2415 2127 2487 successoribus
2160 2420 2502 2490 constituta,
2546 2432 2625 2481 ut

316 2515 735 2592 Purgatorium
761 2514 912 2573 illud
938 2516 1142 2573 nullus
1167 2516 1441 2583 introeat,
1483 2514 1600 2571 nisi
1624 2515 1699 2572 ab
1725 2515 2009 2591 episcope,
2048 2516 2112 2573 in
2152 2517 2325 2592 cujus
2350 2528 2441 2577 est
2468 2522 2617 2598 epis·

313 2621 544 2690 copatu,
565 2616 862 2673 licentiam
879 2614 1108 2684 habeat,
1127 2633 1302 2690 quem
1318 2612 1487 2689 prius
1513 2613 1789 2671 hortetur
1808 2614 2121 2691 episcopus·
2140 2636 2173 2673 a
2192 2617 2301 2674 tali
2318 2622 2623 2696 proposito

314 2710 620 2770 desistere:
661 2714 712 2769 si
748 2732 886 2770 vero
924 2711 1395 2789 perseveraverit,
1434 2711 1723 2788 perceptis
1762 2712 2017 2788 episcopi
2054 2712 2272 2772 litteris
2311 2715 2391 2772 ad
2421 2704 2627 2777 locuni

315 2812 555 2869 festinat
581 2830 724 2885 quas
755 2809 892 2868 cum
933 2809 1095 2885 prior
1120 2809 1233 2866 loci
1271 2808 1501 2885 legerit,
1540 2828 1679 2865 mox
1714 2809 1901 2867 eidem
1936 2808 2161 2867 homini
2187 2812 2621 2888 Purgatorium

240 2919 251 2933 ⁹
316 2912 539 2969 intrare
565 2908 890 2979 dissuadet;
919 2928 996 2984 qu
1004 2907 1082 2965 od
1107 2908 1157 2965 si
1183 2909 1658 2983 perseveraverit,
1689 2908 2017 2967 introducit
2043 2930 2176 2968 eum
2206 2911 2269 2967 in
2297 2912 2619 2986 ecclesiam,
2680 2944 2687 2949 ·

393 3120 415 3145 θ
435 3113 699 3172 According
718 3116 766 3159 to
789 3111 891 3161 this
911 3075 1170 3167 statement,
1194 3109 1233 3156 it
1262 3108 1419 3157 would

316 3211 488 3257 appear
508 3198 614 3244 that
633 3198 713 3243 the
734 3209 848 3243 cave
874 3210 972 3243 was
1002 3194 1224 3255 partiauy
1245 3195 1419 3244 known

1516 3122 1703 3169 persons
1722 3123 1862 3156 never
1881 3111 2098 3157 returned
2116 3110 2236 3159 from
2268 3110 2351 3172 it‚”
2384 3113 2428 3159 if
2449 3115 2625 3163 under-

1517 3195 1649 3241 stood
1676 3199 1725 3241 to
1746 3194 1895 3255 imply
1915 3195 2021 3241 that
2052 3195 2173 3242 their
2191 3197 2349 3243 bodies
2380 3199 2520 3245 could
2539 3206 2625 3247 not

317 3294 444 3329 some
471 3280 583 3327 time
617 3279 770 3326 before
792 3274 976 3327 Owen's
1005 3279 1126 3337 visit,
1161 3278 1343 3338 though
1377 3279 1417 3324 it

316 3365 447 3412 owed
467 3364 528 3411 its
550 3364 796 3423 European
817 3362 1038 3421 celebrity
1058 3367 1108 3407 to
1129 3362 1241 3407 him.
1293 3360 1418 3407 That

316 3462 442 3495 some
479 3462 666 3508 persons
702 3462 823 3494 were
859 3448 948 3494 lost
984 3447 1034 3493 in
1070 3448 1110 3493 it
1144 3448 1185 3494 is
1219 3448 1418 3507 possible

315 3534 516 3595 enough,
559 3533 609 3591 if,
647 3546 701 3579 as
737 3533 824 3579 has
856 3534 971 3579 been
1012 3546 1130 3590 seen,
1164 3532 1205 3579 it
1239 3546 1338 3579 was
1368 3534 1420 3579 of

315 3631 558 3665 enormous
601 3618 754 3677 depth,
801 3618 895 3665 and
936 3617 980 3663 if
1015 3630 1079 3663 an
1122 3617 1412 3676 adventurer‚

315 3703 562 3749 entombed
589 3702 640 3749 in
669 3702 708 3749 it
736 3702 905 3762 during
928 3702 1232 3761 twenty-four
1262 3701 1414 3759 hours,

318 3800 436 3832 were
452 3786 505 3832 of
515 3786 706 3833 delicate
725 3786 886 3833 health
902 3786 992 3832 and
1011 3799 1185 3832 nervas
1226 3786 1324 3831 But
1336 3786 1419 3831 the

315 3870 538 3923 assertioni
557 3868 911 3931 (Messinqham,
926 3884 971 3929 p.
992 3868 1111 3931 108)
1134 3872 1162 3896 “
1178 3871 1283 3916 that
1294 3882 1418 3916 some

1516 3278 1575 3325 bs
1593 3278 1749 3335 found,
1774 3284 1900 3327 must
1919 3279 1977 3326 be
1998 3278 2175 3327 classed
2196 3294 2369 3342 among
2389 3283 2472 3329 the
2494 3298 2625 3331 mar-

1515 3362 1694 3410 vellous
1714 3364 1887 3421 stoi-ies,
1912 3367 1960 3410 to
1980 3364 2147 3423 which,
2167 3378 2219 3411 as
2240 3365 2319 3411 the
2332 3365 2625 3415 Bollandists

1516 3446 1757 3506 complain,
1780 3448 1860 3493 the
1882 3446 2003 3493 Irish
2017 3461 2135 3494 were
2156 3450 2524 3511 extravagantly
2536 3452 2625 3498 ad-

1514 3530 1681 3588 dicted,
1710 3531 1881 3577 “natio
1900 3536 2139 3590 poetarum
2158 3532 2331 3579 fabulis
2346 3533 2502 3581 facilis
2521 3550 2625 3583 cre-

1515 3614 1661 3670 dere.”
1750 3616 1839 3661 For
1866 3630 1927 3662 an
1956 3623 2153 3664 account
2184 3618 2237 3665 ot*
2260 3631 2291 3664 a
2328 3618 2625 3667 Frenchman

1514 3700 1633 3747 from
1670 3700 1915 3761 Bretsgne,
1951 3702 2058 3750 who
2100 3703 2343 3763 employed
2380 3703 2625 3751 werhnen

1516 3782 1687 3847 during
1721 3790 1814 3833 two
1848 3800 2087 3846 summere,
2111 3793 2163 3834 at
2199 3789 2278 3835 the
2306 3786 2429 3835 close
2458 3790 2517 3835 of
2540 3791 2626 3837 tho

1516 3869 1751 3915 sixteenth
1781 3874 1986 3931 century,
2012 3875 2061 3917 to
2091 3871 2297 3919 discover
2317 3871 2397 3917 the
2418 3872 2625 3932 original
