2834 4467
158 1082 189 1092 z

372 204 499 267 402
1088 242 1093 247 -
1142 222 1553 267 cAanErzsrs
1583 220 1895 266 Evnnsus.
2387 224 2542 291 [cst.
2571 227 2687 276 vn,

370 374 665 451 quodnam
692 384 842 433 esset
870 394 943 431 ex
966 356 1316 432 animalibus
1336 374 1911 451 perniciosissimum,
1941 374 2102 445 recte
2129 376 2498 452 responderit
2529 384 2570 410 ‘⁴
2589 377 2696 433 sil-

369 460 655 529 vestrium
692 480 1032 550 tyrannum,
1063 472 1514 531 domesticorum
1553 472 1976 531 adulatorem?
2067 474 2238 531 Sicut
2265 474 2498 549 Regum
2535 476 2699 532 aulis

370 570 700 627 adulatores
739 571 1085 646 abiguntur,
1129 570 1211 627 sic
1251 568 1670 627 historicorum
1709 570 1914 628 ordine
1951 571 2229 628 Giraldus
2267 574 2698 630 exturbandus

371 676 477 737 est,
513 668 607 743 cuj
615 688 684 725 us
712 668 1073 726 narrationes
1101 668 1315 726 studio„
1340 686 1405 725 ac
1431 668 1740 726 voluntate
1766 673 2067 744 tamquam
2094 670 2345 739 cardine,
2381 690 2506 727 non
2533 672 2696 729 veri-

371 775 495 824 tate
520 775 857 824 vertuntur.

490 864 678 921 Porro
702 884 821 920 non
849 864 1023 940 potui
1046 864 1431 923 admiratione
1456 883 1570 921 non
1599 865 1852 940 percelli,
1885 874 2054 922 tanto
2075 866 2310 923 Hervaei
2337 864 2474 923 odio
2493 865 2694 923 Giral·

370 962 513 1018 dum
532 961 825 1036 flagrasse,
848 972 921 1019 ut
942 962 1069 1036 ejus
1099 968 1137 995 “
1156 981 1335 1020 suasu
1344 964 1381 995 ”
1410 964 1760 1041 Reymundo
1789 970 1826 995 “
1843 964 2216 1021 dissuadente
2232 966 2270 996 ”
2298 974 2423 1021 tam
2442 966 2696 1021 immani

370 1060 597 1117 laniena
624 1060 686 1116 in
702 1058 1226 1117 Waterfordienses
1248 1060 1516 1118 saevitum
1542 1060 1723 1117 fuisse
1742 1060 2176 1131 affirmaverit⁷²,
2201 1060 2339 1119 cum
2359 1062 2695 1119 Mauritius

370 1154 644 1234 Reganus
673 1158 950 1216 Dermitii
976 1158 1245 1233 Lageniae
1280 1159 1456 1233 Regis
1495 1159 1804 1235 interpreS,
1847 1168 1910 1217 et
1944 1160 2218 1227 famulu8‚
2249 1160 2354 1233 qui
2381 1161 2474 1217 rei
2507 1170 2694 1235 gestae

370 1258 576 1315 seriem
602 1277 720 1315 non
746 1258 959 1315 auditu
980 1256 1187 1327 solum,
1210 1258 1309 1315 sed
1335 1258 1511 1315 etiam
1539 1258 1724 1314 oculis
1751 1258 2050 1333 percipere
2074 1257 2289 1334 potuit,
2317 1267 2538 1333 utpote
2560 1268 2691 1317 tum

231 1362 345 1427 [55]
370 1374 504 1412 cum
532 1356 765 1413 domino
794 1353 805 1433 1
838 1376 945 1415 suo
972 1342 1131 1412 intra
1162 1356 1428 1431 Lageniae
1455 1354 1615 1423 fineS,
1659 1355 1732 1411 ad
1771 1356 1944 1430 cujus
1969 1355 2193 1428 ‘limites‘
2217 1356 2566 1413 carnificina
2593 1358 2696 1414 illa

368 1456 525 1513 edita
564 1464 669 1524 est,
718 1464 1215 1522 commemoratuS,
1252 1454 1317 1510 in
1354 1454 1602 1512 historia
1630 1472 1807 1529 quam
1843 1455 1916 1513 de
1959 1456 2138 1513 rebus
2179 1474 2286 1511 suo
2324 1465 2602 1531 tempore
2631 1457 2695 1513 in

370 1553 661 1611 Hibernia
700 1554 881 1628 gestis
908 1553 1048 1609 satis
1074 1552 1387 1627 diligenter
1402 1552 1844 1621 elucubravit&
1879 1570 2134 1609 asserere
2169 1571 2284 1608 non
2313 1552 2694 1611 dubitaverit

371 1652 803 1729 Reymundum,
836 1651 1141 1726 cujusdam
1167 1650 1241 1708 de
1267 1652 1475 1708 Buaein
1502 1652 1672 1707 amici
1711 1652 1806 1707 sui
1830 1670 1971 1708 nece
1997 1651 2422 1719 exulceratum,
2455 1652 2534 1708 ad
2569 1662 2692 1709 tam

370 1763 625 1811 atrocem
667 1755 1111 1813 internicionem
1146 1754 1610 1831 perpetrandam·
1636 1772 1770 1811 suos
1811 1754 2151 1811 attraxisse:
2195 1756 2364 1830 turpi
2403 1774 2466 1812 se
2491 1756 2692 1831 igitur

368 1853 666 1911 mendacio
685 1854 964 1913 Giraldus
978 1853 1329 1929 inquinavit,
1351 1862 1423 1911 ut
1441 1872 1606 1909 noxae
1625 1852 1876 1910 dedecus
1897 1874 1931 1910 a
1945 1853 2292 1910 consobrino
2305 1852 2376 1909 ad
2397 1856 2689 1911 aemulum

368 1962 675 2012 averteret.
724 1954 816 2011 Ut
837 1954 1202 2011 mendacium
1230 1954 1357 2027 ejus
1384 1952 1548 2009 aliud
1565 1953 1780 2023 sileam,
1801 1951 2325 2010 Waterfordienses
2345 1954 2690 2029 praecipites

366 2062 524 2110 actos
550 2072 671 2110 esse
698 2052 971 2111 dicentis:
1014 2052 1163 2121 cum,
1188 2051 1424 2109 tantum
1451 2052 1664 2109 occisos
1691 2052 1873 2109 fuisse
1895 2053 2168 2127 Reganus
2193 2062 2495 2133 memoret.
2563 2054 2690 2110 Ista

364 2170 573 2227 nempe
597 2151 727 2207 ideo
753 2158 1115 2208 commentus
1130 2158 1235 2219 est,
1258 2160 1330 2207 ut
1349 2150 1536 2225 major
1564 2150 1926 2214 truculentia
1943 2150 2221 2224 majorem
2251 2151 2504 2207 Hervaeo
2533 2151 2684 2208 infa-

336 2282 343 2292 ·
365 2248 543 2337 miam
562 2246 853 2305 conflaret.
891 2248 1039 2321 Ejus
1058 2248 1245 2323 igitur
1264 2248 1510 2307 historia
1529 2248 1841 2305 mendaciis
1862 2249 2268 2317 contaminata,
2292 2248 2682 2323 explodenda,

369 2357 429 2404 et
454 2346 622 2403 flocci
636 2340 905 2403 ‘facienda
930 2355 1033 2403 est.
1114 2346 1204 2403 Ut
1240 2346 1395 2403 enim
1431 2346 1714 2403 animanti
1755 2346 1804 2403 si
1838 2354 2124 2403 eruantur
2160 2346 2334 2415 oculi,
2377 2347 2684 2422 reliquum

368 2446 584 2502 inutile
608 2445 695 2513 fit,
726 2446 809 2501 sic
836 2445 886 2501 si
906 2446 1121 2503 veritas
1148 2445 1419 2502 dematur
1446 2444 1730 2514 historiae,
1753 2446 1977 2519 ubique
2003 2436 2317 2502 errabitur.
2390 2445 2546 2515 Imo,
2579 2450 2686 2523 qui

368 2544 679 2600 veritatem
704 2543 961 2601 historiae
984 2544 1279 2613 subducit,
1300 2564 1508 2600 nervos
1527 2543 1784 2600 historiae
1813 2542 2078 2611 succidit,
2109 2562 2235 2601 ossa
2254 2544 2599 2620 confringit,
2624 2556 2686 2602 et

368 2632 551 2717 ipsam
574 2642 825 2717 denique
850 2642 1101 2698 animam
1127 2642 1319 2716 eripit.
1380 2642 1532 2698 Nam
1552 2640 1769 2697 veritas
1795 2640 2055 2698 historiae
2081 2640 2558 2712 fundamentum,
2583 2644 2684 2700 fir-

367 2748 740 2807 mamentum,
772 2739 1035 2815 spirituS,
1066 2747 1126 2796 et
1152 2740 1345 2796 anima
1372 2738 1518 2806 est⁷⁴,
1551 2739 1769 2813 absque
1796 2738 1914 2813 quz‘i
1939 2738 2165 2823 nullam
2191 2758 2382 2813 neque
2408 2740 2680 2809 formam,

366 2856 557 2913 neque
571 2836 743 2895 fidem
760 2836 1015 2907 habebit3
1038 2844 1077 2869 “
1088 2838 1235 2894 citra
1251 2856 1427 2912 quam
1437 2838 1474 2868 ”
1494 2836 1594 2912 (ut
1609 2838 1692 2893 ait
1711 2837 1836 2912 ipse
1847 2836 2156 2913 Giraldus)
2175 2838 2410 2895 “omnis
2425 2837 2684 2895 historia

367 2955 486 2992 non
510 2934 699 2991 solum
720 2933 1155 3002 authoritatem,
1176 2934 1275 2991 sed
1290 2943 1350 2992 et
1372 2954 1582 2991 nomen
1599 2934 1856 2991 historiae
1884 2934 2319 2993 demeretur-'¹⁸3’
2376 2936 2681 2993 Debemus

367 3036 522 3093 enim
548 3035 754 3109 fugere
778 3042 852 3090 ut
870 3034 1083 3090 falsum
1101 3033 1244 3109 quid
1263 3033 1355 3091 vel
1371 3032 1614 3090 minima
1631 3052 1705 3089 ex
1724 3042 1892 3107 parte
1911 3042 2127 3091 narret.
2194 3033 2284 3089 Ut
2302 3034 2446 3107 jure
2465 3036 2682 3092 merito

369 3133 571 3191 Cicero
592 3131 811 3188 dixerit
833 3137 871 3163 “
886 3132 1134 3206 primam
1155 3150 1276 3189 esse
1291 3129 1549 3187 historiae
1565 3130 1769 3205 legem,
1800 3148 1876 3186 ne
1902 3129 2046 3205 quid
2073 3130 2206 3187 falsi
2233 3128 2427 3187 dicere
2445 3132 2677 3189 audeat.

366 3232 460 3289 Ne
485 3250 601 3305 qua
626 3229 877 3305 suspicio
898 3230 1101 3303 gratiae
1134 3229 1211 3286 sit
1236 3228 1300 3285 in
1328 3227 1650 3296 scribendo,
1677 3246 1754 3285 ne
1779 3246 1897 3303 qua
1923 3221 2270 3285 simultatis:
2297 3226 2423 3285 haec
2451 3230 2680 3287 scilicet

364 3328 746 3386 fundamenta
770 3334 908 3384 nota
935 3334 1076 3382 sunt
1094 3326 1464 3383 omnibus⁷⁰.”
1925 3318 1950 3333 ⁶
2223 3330 2243 3337 ”

483 3426 659 3483 Sicut
697 3434 895 3483 autem
926 3442 961 3479 a
985 3422 1233 3481 veritate
1262 3419 1592 3499 plurimum
1633 3423 1931 3481 recessisse
1960 3422 2236 3481 Giraldus
2275 3420 2552 3499 proxime
2579 3423 2676 3482 de-

430 3581 474 3614 τι
499 3578 612 3625 nib.
636 3578 828 3636 Expug.
852 3576 932 3623 lib.
956 3576 987 3621 i.
1012 3590 1077 3623 ω.
1104 3576 1179 3635 14,
1201 3576 1275 3623 15.
1341 3574 1681 3622 ⁷³waraeusde
1698 3574 1842 3635 scrip.
1865 3540 1976 3621 n'ffi.
2001 3589 2046 3635 p.
2073 3576 2152 3622 56.
2217 3575 2260 3609 τι
2283 3574 2422 3621 Dion.
2450 3575 2676 3636 Scaliger.

366 3642 573 3691 Baiduin
592 3644 652 3690 de
672 3643 777 3689 nis.
802 3656 848 3701 p.
875 3643 998 3699 6263
1022 3640 1243 3700 vipoun,
1260 3655 1301 3687 ο.
1324 3643 1413 3698 103
1449 3641 1639 3687 roxius.
1718 3637 1888 3687 '¹⁶Hib.
1911 3640 2012 3687 Ex..
2028 3640 2110 3687 m».
2133 3642 2166 3687 i.
2187 3654 2229 3687 e.
2247 3642 2294 3687 6.
2375 3642 2418 3675 τε
2442 3640 2518 3687 De
2543 3642 2676 3689 om.

352 3709 447 3757 lib.
472 3710 520 3756 ii.
812 3733 824 3739 ·

404 3833 411 3840 ·
450 3832 472 3857 n
508 3800 700 3884 nanis}
722 3826 827 3872 who
864 3825 1017 3872 suited
1051 3838 1081 3871 a
1115 3810 1387 3871 translation
1420 3823 1476 3869 of
1568 3822 1739 3879 Mmre,
1775 3808 2144 3880 M‘eeoghag'an,
2181 3819 2276 3865 aaa
2303 3818 2472 3877 others,
2506 3820 2679 3867 defend

372 3910 574 3972 Regan’s
608 3912 817 3986 Histoi-y,
844 3924 1029 3959 reasons
1058 3909 1153 3955 like
1180 3908 1263 3955 Dr.
1288 3908 1466 3968 Lynch.
1570 3903 1832 3966 Raymond.
1891 3906 1990 3952 The
2019 3906 2130 3951 rock
2151 3905 2340 3951 whence
2361 3905 2442 3951 the
2464 3907 2678 3965 captives

2771 4373 2790 4415 ι’
