2834 4467
2774 618 2785 801 J

2782 802 2785 852 ἰ

418 916 1120 977 AUGUSTISSIMO
1161 918 2117 989 CLEMENTISSIMOQUE
2171 918 2605 978 PRINCIPI

1141 1095 1881 1212 GAROLOIE
2524 1056 2529 1061 ⁵
2782 1168 2786 1237 ἲ

473 1317 482 1325 “
561 1341 668 1383 Dm
691 1342 1174 1383 GRA'ru-MAGNAE
1197 1342 1541 1397 ERITANRIAE
1564 1344 1838 1385 FRANCIAE
1867 1345 1947 1385 m·
1972 1344 2275 1409 mannum:
2298 1343 2454 1384 REGI.
2783 1274 2789 1497 ε

257 1692 340 1758 [i.]
364 1694 620 1751 Parnm
645 1692 912 1751 studium
941 1690 1330 1769 (serenissime
1355 1690 1514 1765 Rex)
1541 1691 1681 1749 adeo
1707 1690 1826 1749 alte
1852 1692 2076 1768 pectori
2100 1710 2228 1749 meo
2255 1708 2481 1767 semper
2506 1689 2658 1747 inse-
2788 1592 2791 1801 Ι

363 1791 469 1861 dit,
493 1798 581 1860 ut,
609 1790 754 1848 licet
767 1792 851 1860 ,ab
877 1793 1008 1867 ejus
1032 1798 1271 1867 aspectu
1295 1809 1452 1847 meos
1478 1790 1675 1847 oculos
1694 1791 2037 1848 vis‘hostilis
2058 1790 2355 1859 avulserit,
2376 1789 2441 1845 in
2460 1788 2659 1846 condi-

363 1888 521 1946 tione
555 1896 748 1945 tamen
787 1888 917 1962 ejus
956 1886 1398 1964 contemplanda
1434 1888 1813 1963 cogitationes
1853 1906 2007 1946 meas
2048 1884 2279 1945 assidue
2323 1885 2660 1952 defixerim;

362 2004 506 2059 quas
551 1984 625 2041 ad
664 1986 856 2061 gentis
897 2004 1036 2041 meae
1075 1984 1286 2042 famam
1327 1983 1663 2041 invidorum
1710 1984 1985 2041 dentibus
2039 1981 2250 2041 misere
2290 1983 2658 2059 discerptam,
2790 1913 2793 2059 r

361 2082 692 2157 integritati
731 2081 993 2157 pristinae
1033 2081 1450 2139 vendicandam
1486 2082 1802 2139 transtuli:
1845 2079 2251 2139 demississime
2292 2081 2408 2154 Maj
2416 2088 2661 2138 estatem
2790 2086 2792 2093 '

362 2189 529 2237 tuam
553 2179 886 2256 imploran8‚
914 2186 988 2239 ut
1013 2198 1216 2240 eorum
1240 2198 1452 2240 nomen
1470 2179 1581 2243 hoo
1607 2198 1779 2256 opere
1792 2198 1900 2256 pro
1918 2178 2308 2261 meis-viribus
2327 2196 2659 2255 propugna-
2788 2202 2795 2291 2*

362 2286 494 2336 tum
519 2278 840 2355 patrocinio
867 2277 1104 2346 tuearis,
1134 2296 1387 2352 quorum
1412 2278 1566 2347 vitae,
1590 2278 1901 2346 libertatis,
1931 2284 1992 2335 et
2017 2276 2389 2335 fortunarum
2410 2284 2471 2334 te
2498 2278 2661 2335 Deus

361 2376 669 2461 vindicem,
697 2383 1056 2446 assertorem,
1085 2384 1146 2433 et
1173 2375 1493 2431 Dominum
1518 2376 1800 2433 instituit.
1880 2375 1969 2432 Ut
1994 2382 2191 2431 autem
2215 2393 2333 2431 non
2358 2374 2544 2449 magis
2570 2394 2663 2433 me
2792 2342 2794 2431 Ῑ

363 2476 549 2533 civem
568 2474 783 2532 Patriae
809 2473 1155 2543 studiosum,
1180 2472 1359 2547 quam
1379 2472 1686 2531 subditum
1702 2472 1822 2547 Maj
1830 2472 2002 2530 estati
2017 2479 2225 2531 vestrae
2252 2472 2662 2547 obsequiosum

361 2581 727 2649 praestarem3
768 2590 944 2647 quam
969 2572 1140 2647 potui
1175 2570 1452 2629 orationis
1491 2590 1725 2647 operam
1765 2572 1838 2628 ad
1878 2589 2207 2647 supremam
2234 2570 2535 2628 Hiberniae
2562 2591 2661 2648 po-

361 2679 632 2730 testatem
659 2670 772 2728 tibi
796 2668 1138 2727 firmandam
1164 2669 1429 2727 contuli¹.
1495 2669 1613 2727 Pro
1640 2669 1762 2747 qua
1791 2669 1903 2727 tibi
1927 2668 2336 2738 conservanda,
2367 2669 2483 2726 mei
2508 2669 2664 2727 cives

361 2786 552 2844 nuper
579 2766 754 2825 armis
780 2766 1118 2841 dimicantes
1143 2765 1458 2825 maximam
1482 2765 1605 2824 vim
1644 2766 1775 2823 aeris
1820 2773 1880 2824 et
1927 2765 2225 2841 sanguinis
2249 2764 2662 2842 profuderunt.

364 2865 597 2941 Quippe
621 2862 878 2940 praesidii
917 2880 1084 2938 opem
1125 2880 1230 2919 suo
1259 2861 1404 2937 Regi
1430 2862 1584 2921 serre
1629 2881 1746 2920 non
1785 2862 2159 2933 dubitarunt,
2208 2862 2366 2939 apud
2406 2881 2663 2938 quorum

359 2963 608 3038 majores
652 2962 828 3021 alieni
865 2979 1030 3037 reges
1068 2960 1406 3036 perfugium
1446 2961 1604 3019 nacti
1644 2964 1820 3019 sunt².
1906 2962 2425 3037 Quorumcumque
2463 2969 2663 3019 autem

360 3061 708 3119 damnorum
758 3036 1034 3117 memoria
1093 3077 1212 3115 non
1282 3065 1451 3115 tanto
1496 3054 1755 3116 'illorum
1805 3067 2042 3135 pectora
2093 3078 2333 3117 maerore
2385 3061 2660 3136 perfodit,

361 3159 584 3235 quanta
607 3159 911 3236 voluptate
934 3164 1126 3216 vester
1152 3156 1226 3214 ad
1251 3157 1514 3234 pristinae
1542 3159 1847 3235 dignitatis
1878 3158 2181 3235 fastigium
2208 3177 2507 3235 regressus
2532 3178 2661 3236 per-

361 3263 538 3321 fudit.
581 3263 675 3320 Ita
700 3271 773 3320 ut
797 3262 1120 3320 Psalmistae
1146 3260 1439 3320 accinant:
1484 3268 1522 3296 “
1544 3262 1881 3322 Secundum
1919 3261 2367 3321 multitudinem
2393 3262 2665 3321 dolorum

366 3466 381 3495 ¹
400 3461 544 3524 Infra,
567 3480 607 3517 c.
632 3466 710 3514 27.
775 3465 796 3495 2
811 3460 953 3523 Infra,
977 3478 1022 3524 p.
1051 3466 1175 3523 1283
1198 3464 1474 3512 Malmsbur.
1498 3466 1555 3513 de
1578 3465 1705 3515 Gest.
1730 3466 1865 3514 Pont.
1889 3466 1921 3513 1.
1946 3468 1991 3525 3,
2014 3480 2059 3527 p.
2076 3468 2186 3515 262.
2224 3465 2335 3530 [See
2357 3464 2631 3529 Hoveden]

427 3658 450 3684 ⁸
467 3653 526 3700 In
554 3652 708 3713 patria
742 3629 924 3713 scriptis
957 3665 1063 3699 mea
1098 3656 1199 3700 tota
1235 3652 1467 3701 industria
1540 3724 1547 3730 ι
1565 3654 1679 3703 Fors
1700 3655 1903 3715 optanda
1916 3654 2043 3702 Deus
2063 3656 2196 3705 nobis
2210 3656 2311 3703 haec
2325 3655 2424 3703 otia
2442 3655 2564 3715 fecit,

549 3744 665 3790 udat
1566 3741 1681 3797 Quae
1702 3754 1794 3788 non
1815 3745 1925 3789 sunt
1945 3738 2087 3803 ,opera
2102 3742 2420 3801 praetereunda
2439 3741 2535 3789 levi

455 3828 686 3888 Ornanda,
697 3827 774 3877 hic
786 3840 916 3877 meus
923 3831 992 3877 est
1008 3830 1140 3876 nocte
1147 3828 1308 3889 dieque
1321 3828 1464 3877 labor.
1565 3825 1742 3873 Verum
1764 3839 1846 3886 pro
1867 3825 2019 3887 patria
2040 3830 2149 3875 sunt
2168 3826 2475 3887 impendenda
2494 3824 2646 3875 labori
