2834 4467
337 198 462 265 306
1109 218 1523 265 cAMBRExsrs
1554 219 1861 266 svnnsus.
2369 224 2521 290 [car.
2548 227 2645 275 IV.

337 376 376 405 ‘⁸
391 370 655 429 Patriam
689 390 874 441 suam,
915 358 992 431 et⁰
1017 373 1246 448 geniale
1285 374 1657 433 territorium
1688 373 2123 451 profusioribus
2154 371 2403 433 laudum
2426 353 2647 435 'titulis

331 478 709 545 prosecutum
735 471 940 529 fuisse:
981 469 1082 529 hic
1106 470 1249 529 vero
1276 472 1461 547 ipsam
1490 472 1577 530 rei
1596 472 1906 531 veritatem
1926 471 2135 548 (sicuti
2158 476 2277 549 est)
2298 475 2645 549 respexisse.

331 568 487 626 Nam
512 569 576 625 in
603 570 878 627 universa
907 570 1181 628 (lambris,
1206 572 1398 627 multa
1435 571 1561 627 loca
1600 570 1862 629 invenias
1887 569 2063 646 longe
2089 570 2469 647 multumque
2496 572 2647 631 huic

331 668 749 743 anteponenda,
794 669 916 726 sive
955 669 1104 726 aeris
1141 669 1566 739 salubritatem,
1612 670 1735 729 sive
1769 670 2029 746 'regionis
2066 671 2473 739 amoenitatem,
2516 672 2649 730 sive

331 768 439 825 soli
459 767 644 843 ipsius
669 769 1055 837 fertilitatem,
1085 770 1314 844 aliaque
1331 770 1471 828 vitae
1496 770 1795 829 commoda
1819 772 2191 847 respicias⁸⁷.”
2251 772 2414 829 Idem
2430 772 2647 830 Poveld

329 866 424 923 lus
452 877 626 942 quem
657 868 1047 925 attentissima
1073 870 1321 927 lectione
1351 871 1584 929 Giraldi
1610 871 1830 947 scripta
1854 870 2217 947 percurrisse
2243 888 2361 927 non
2386 871 2641 945 ambige,

329 964 548 1040 quippe
576 984 830 1040 quorum
848 974 1074 1042 partem
1101 970 1533 1027 commentariis
1556 969 1901 1039 illustravit,
1924 969 2157 1029 Giraldi
2180 988 2349 1026 sensa
2362 968 2643 1028 accurate

327 1069 736 1137 perscrutatus
773 1063 1199 1138 pronuntiavit,
1246 1064 1395 1120 “illi
1434 1064 1555 1123 fere
1583 1084 1808 1141 semper
1834 1066 1899 1121 in
1934 1082 2096 1123 more
2134 1065 2395 1141 positum
2434 1066 2639 1137 fuisse,

253 1202 274 1223 ,
329 1176 506 1216 suum
533 1160 939 1218 tantummodo
964 1161 1350 1237 propositum,
1392 1162 1677 1239 neglectis
1702 1172 1809 1219 aut
1834 1182 1953 1219 non
1980 1162 2359 1219 consideratis
2384 1162 2642 1221 aliorum

328 1256 401 1315 de
427 1258 646 1333 quibus
673 1259 880 1315 scribit
903 1260 1170 1335 negotiis,
1198 1260 1502 1337 respicere,
1524 1269 1588 1319 et
1606 1262 1976 1337 persequifflss’
2058 1260 2147 1317 Ut
2174 1259 2411 1317 Povello
2431 1260 2643 1333 judice

329 1356 607 1413 Giraldus
641 1376 759 1414 non
801 1358 876 1415 ad
912 1358 1221 1417 veritatem
1261 1359 1468 1417 stilum
1510 1360 1912 1429 collimaverit,
1956 1358 2059 1416 sed
2098 1356 2169 1415 eo
2210 1356 2330 1433 quo
2368 1358 2641 1416 studium

325 1454 626 1513 ferebatur
651 1457 902 1515 flexerit.

442 1544 578 1611 Non
604 1555 793 1629 igitur
811 1555 1033 1615 insulse
1061 1556 1218 1632 apud
1239 1557 1689 1615 Stanihurstum
1704 1556 1747 1614 J
1750 1574 1961 1613 oannes
1978 1556 2183 1613 Abbas
2202 1554 2392 1612 sancti
2410 1555 2640 1613 Albani

325 1651 508 1709 dixit:
535 1658 572 1685 “
591 1653 899 1711 Gir-aidum
919 1656 1101 1711 verba
1120 1656 1373 1731 parcius,
1405 1656 1725 1715 sententias
1752 1655 1996 1713 uberius
2010 1654 2343 1713 effudisse„
2400 1654 2638 1722 Quibus

323 1751 520 1808 verbis
545 1751 794 1808 indicari
818 1760 996 1827 putat
1023 1753 1457 1823 Stanihurstus,
1492 1760 1529 1787 “
1550 1752 1861 1811 Giraldum
1886 1752 2143 1809 habenas
2168 1752 2386 1808 calamo
2404 1751 2641 1811 laxasse

325 1849 399 1907 acl
425 1849 782 1907 adversarios
809 1851 1070 1909 dicteriis
1089 1852 1454 1911 licentiosius
1480 1846 1858 1928 impetendos.
1926 1849 2265 1924 Subditque
2294 1848 2421 1924 ipse
2438 1849 2637 1909 Giral-

324 1947 468 2005 dum
496 1949 558 2004 in
585 1948 804 2005 invisos
830 1950 1090 2025 asperius
1117 1950 1334 2020 invehi,
1367 1959 1567 2027 gratos
1592 1949 1865 2008 blandius
1890 1934 2057 2007 affari
2084 1948 2323 2006 solitum
2350 1948 2637 2005 fuisse³⁹3’

324 2050 450 2108 Nec
475 2051 626 2108 alius
657 2051 967 2110 Giraldum
1003 2052 1168 2110 intus
1197 2062 1256 2110 et
1295 2054 1358 2109 in
1399 2061 1540 2111 cute
1564 2052 1775 2111 melius
1812 2052 1999 2120 novit,
2040 2059 2114 2108 ut
2148 2049 2321 2125 cujus
2352 2049 2635 2107 lucubra-

323 2150 512 2207 tiones
545 2150 866 2207 studiosius
892 2151 1128 2208 evolvit.
1204 2152 1499 2220 Quantuli
1524 2160 1723 2209 autem
1753 2149 2213 2226 Topographiam
2248 2149 2378 2223 ejus
2404 2138 2631 2219 fecerit,

323 2269 439 2306 non
467 2248 714 2307 obscure
741 2248 998 2309 indicare
1017 2249 1271 2320 videtur,
1303 2252 1441 2307 cum
1468 2269 1501 2307 e
1516 2258 1759 2308 eentum
1782 2249 2215 2325 quinquaginta
2231 2256 2293 2305 et
2318 2248 2635 2323 octolcapi-

321 2347 503 2416 tibus,
535 2346 753 2421 quibus
793 2354 914 2405 tres
953 2340 1369 2423 Topographi'ae
1397 2366 1515 2421 suae
1542 2348 1946 2405 distinctiones
1974 2346 2253 2404 Giraldus
2286 2345 2634 2421 complexus

320 2452 427 2514 est,
464 2464 654 2501 unum
681 2445 978 2503 duntaxat
1002 2464 1182 2521 supra
1208 2444 1457 2520 triginta
1483 2445 1583 2502 ille
1609 2446 1669 2501 in
1696 2445 1889 2502 lucem
1916 2444 2191 2518 emiserit,
2222 2443 2449 2499 caeteris
2484 2444 2632 2501 deli-

321 2553 538 2601 tescere
564 2526 637 2601 de
661 2543 958 2602 industria
987 2544 1298 2620 permissiS,
1321 2542 1486 2619 quod
1512 2544 1751 2619 indigna
1776 2543 2017 2611 fuerint,
2039 2561 2168 2617 quae
2194 2542 2309 2599 sub
2332 2540 2632 2599 hominem

317 2650 618 2718 aspectum
644 2641 1050 2700 educerentur.
1131 2640 1260 2699 Im&
1297 2642 1457 2700 inter
1480 2642 1724 2718 vulgata
1761 2643 1953 2717 capita
1974 2642 2084 2700 vix
2110 2642 2303 2697 ullum
2330 2649 2438 2709 est,
2470 2642 2631 2715 quod

318 2760 482 2798 naevo
510 2740 705 2815 aliquo
724 2760 1028 2817 vaspersum
1051 2760 1172 2799 esse
1199 2740 1618 2799 Stanihurstus
1636 2759 1753 2797 non
1774 2740 2047 2797 ostendit.
2110 2738 2457 2796 Hiberniam
2480 2739 2627 2836 νει-ὁ

318 2840 734 2915 Expugnatam
763 2840 845 2897 sic
871 2838 1287 2898 Stanihurstus
1314 2840 1553 2915 sprevit,
1584 2847 1658 2897 ut
1684 2858 1807 2897 eam
1834 2838 2023 2895 solitis
2048 2838 2307 2895 tenebris
2334 2836 2473 2895 abdi
2496 2858 2629 2913 pas·

317 2956 435 3007 sus,
479 2956 606 3012 quae
647 2937 719 2993 ad
755 2956 877 2995 rem
916 2938 982 2994 in
1021 2936 1088 2995 ea
1111 2938 1403 2995 faciebant
1430 2936 1804 3013 excerpserit,
1846 2944 2055 2994 caetera
2082 2944 2381 3011 tamquam
2406 2936 2628 2993 redun-

381 3092 420 3125 ³7
446 3091 503 3136 In
524 3095 681 3137 annot.
703 3092 765 3137 ad
779 3105 879 3151 cap.
901 3090 932 3137 i.
950 3090 1035 3137 col.
1061 3092 1107 3139 2.
1159 3092 1204 3125 38
1221 3090 1280 3137 In
1297 3095 1454 3138 annot.
1472 3089 1553 3138 lib.
1573 3089 1620 3137 ii.
1639 3104 1679 3137 c.
1700 3092 1744 3138 7.
1800 3090 1841 3124 8⁹
1857 3088 2046 3149 Anglic.
2060 3086 2267 3149 Descrip.
2286 3088 2399 3135 Hib.
2419 3103 2459 3135 c.
2478 3088 2542 3135 vi.

1518 3234 1815 3293 temporibus,
1851 3234 2041 3294 spiritus
2059 3225 2325 3281 immundos
2344 3232 2628 3281 nonvim‘bi-

1518 3316 1624 3365 liter
1644 3319 1725 3365 sed
1752 3318 2029 3365 sensibiliter
2058 3316 2627 3368 conversatos-”—Itine-

314 3233 588 3293 patriotism,
612 3232 653 3281 it
667 3240 794 3282 must
813 3236 936 3282 have
949 3234 1064 3282 been
1083 3234 1419 3295 extinguished

313 3318 364 3363 in
385 3318 460 3364 his
478 3320 634 3365 breast
645 3319 784 3365 when
803 3320 862 3365 he
881 3324 1025 3365 wrote
1049 3321 1077 3345 “
1091 3320 1148 3365 de
1162 3318 1417 3365 Illandabi-

314 3402 437 3449 libus
459 3402 690 3450 Walliae.”
755 3403 831 3451 He
861 3404 994 3463 g1ves
1025 3418 1054 3449 a
1083 3408 1206 3449 most
1225 3402 1416 3463 gloomy

313 3486 592 3547 description
617 3490 670 3535 of
696 3489 776 3535 the
797 3486 926 3547 place
957 3486 1010 3533 of
1031 3486 1106 3533 his
1136 3487 1278 3533 bix-th.
1345 3486 1416 3533 Its

313 3571 539 3617 churches
580 3586 699 3618 were
746 3570 1009 3631 frequently
1050 3571 1297 3631 destroyed
1343 3572 1415 3631 ‘by

313 3652 567 3715 lightning,
591 3652 738 3699 devils
769 3652 990 3699 molested
1008 3654 1091 3699 the
1111 3653 1410 3711 inhabitants,

315 3740 409 3785 and
423 3739 508 3797 the
525 3752 712 3797 persons
731 3740 962 3797 possessed
983 3740 1048 3799 by
1062 3738 1244 3799 impure
1257 3738 1414 3798 spirits

315 3825 461 3871 (lefled
482 3825 549 3871 all
570 3825 648 3871 the
668 3838 842 3883 powers
863 3825 917 3871 of
931 3826 1186 3873 exorcism:
1213 3826 1243 3851 “
1262 3824 1319 3870 In
1340 3824 1415 3871 his

315 3914 472 3955 autem
485 3909 799 3957 Pembroehiae
816 3910 1038 3969 partibus,
1049 3910 1230 3957 nostris
1246 3908 1414 3957 accidit

1516 3402 1697 3448 rarium
1723 3402 1967 3461 Cambrioe,
1990 3416 2037 3461 p.
2064 3404 2175 3449 852.

1579 3494 1603 3528 (Ι
1616 3486 1926 3535 Stanihumt’s
1946 3488 2166 3533 critieism
2186 3488 2228 3534 is
2248 3487 2486 3534 favorable
2498 3502 2627 3547 upon

1514 3570 1594 3617 the
1620 3569 1784 3618 whole.
1854 3572 1883 3597 “
1900 3569 2015 3617 This
2042 3569 2309 3630 gentleman
2344 3568 2623 3634 [Giraldus]

1514 3668 1612 3702 was
1643 3668 1759 3715 very
1780 3654 1887 3701 well
1920 3654 2119 3712 learned,
2152 3668 2183 3701 a
2204 3654 2425 3702 tolerable
2447 3655 2623 3715 divine,

1515 3753 1545 3785 a
1570 3738 1921 3787 commendable
1958 3739 2266 3799 philosopher,
2306 3744 2401 3786 not·
2425 3740 2541 3787 iude
2570 3741 2626 3789 in

1513 3824 1691 3884 physic,
1718 3824 1881 3871 skilful
1900 3824 1952 3871 in
1981 3825 2335 3885 cosmofflaphy,
2361 3838 2391 3870 a
2412 3824 2627 3884 singular

1514 3910 1634 3969 good
1671 3909 1934 3972 antiquat-y,
1973 3924 2034 3959 an
2074 3914 2230 3958 orator
2270 3910 2323 3957 in
2358 3910 2628 3961 endeavour
