2834 4467
350 170 474 237 328
675 185 689 197 “
1124 188 1536 235 caunssssnsrs
1563 188 1872 237 rvnasus.
2151 172 2158 185 '
2233 152 2256 173 ⁶
2431 188 2581 253 [cst.
2605 190 2663 238 v,

348 342 447 401 sed
474 343 823 403 narrationis
852 342 1202 401 Giraldianae
1228 344 1448 403 veritas
1487 343 1549 400 in
1589 342 1840 399 dubium
1876 350 2140 401 revocata
2165 350 2272 409 est,
2311 348 2388 399 ut
2415 341 2667 399 inaniter

347 440 684 515 perfugium
711 440 774 497 in
802 440 1065 515 potentia
1085 440 1347 497 numinis
1369 440 1686 515 quaesierit‚
1710 459 1840 515 quae
1867 459 1900 496 a
1925 440 2269 497 commentis
2286 439 2380 497 vel
2410 437 2665 495 maxime

346 536 642 595 abhorret.
705 538 913 612 Itaque
940 537 1135 594 sordes
1161 557 1305 612 quas
1324 538 1498 595 vivus
1525 537 1720 595 eluere
1748 548 1866 593 non
1891 547 2140 613 poterat,
2171 538 2304 611 ejus
2323 536 2454 593 vita
2477 537 2669 596 functi

344 635 510 693 samae
537 635 729 693 adhuc
754 634 1165 693 inhaerescunt.
1262 633 1391 691 Imo
1420 654 1622 693 eorum
1649 634 1928 711 pleraque
1953 654 2082 710 quae
2111 634 2348 711 scripsit
2376 654 2497 691 non
2529 644 2669 691 sunt

346 734 486 809 adeo
513 734 752 791 veritati
785 734 995 801 affinia,
1035 740 1108 789 ut
1150 732 1233 791 eis
1272 732 1448 791 fidem
1485 733 1912 791 accommodare
1938 734 2230 809 quispiam
2258 732 2490 799 debeat,
2533 731 2668 789 cum

344 833 469 907 ipse
494 833 787 907 conceptis
811 824 1007 889 verbis
1046 838 1224 905 neget
1245 830 1458 889 ,omnia
1497 829 1571 887 ad
1596 830 1866 887 veritatis
1893 832 2182 887 trutinam
2209 848 2461 887 excussa
2486 829 2668 887 fuisse

344 928 567 986 dicens:
601 934 638 961 “
653 947 761 986 nee
785 947 892 1003 ego
906 928 1041 985 volo
1067 926 1283 985 temere
1310 927 1470 985 credi
1496 936 1708 984 cuncta
1727 946 1857 1002 quae
1884 928 2071 1003 posui,
2095 928 2234 1002 quia
2259 946 2368 985 nec
2389 946 2426 982 a
2443 927 2667 1002 meipso

343 1028 431 1087 ita
456 1027 800 1097 creduntur,
844 1036 1145 1103 tamquam
1172 1026 1339 1085 nulla
1372 1025 1446 1083 de
1485 1027 1558 1084 iis
1586 1027 1664 1084 sit
1699 1027 1762 1083 in
1800 1026 1929 1083 mea
1963 1026 2316 1102 cogitatione
2343 1025 2663 1093 dubitatio,

344 1126 605 1203 exceptis
630 1126 741 1193 his,
790 1144 920 1201 quae
948 1126 1071 1201 ipse
1098 1144 1230 1183 sum
1257 1133 1556 1201 expertus,
1585 1124 1680 1182 vel
1706 1124 1880 1199 cujus
1900 1123 2070 1182 facile
2095 1134 2184 1182 est
2210 1124 2493 1200 experiri.
2545 1125 2663 1181 Cae-

345 1234 473 1283 tera
487 1223 629 1283 vero
660 1225 743 1283 sic
770 1233 843 1282 ut
862 1242 1052 1299 neque
1076 1223 1415 1281 affirmanda
1441 1243 1633 1300 neque
1658 1224 1924 1301 neganda
1948 1223 2406 1283 decreverim¹⁰.”
2463 1224 2656 1281 Habe-

344 1343 479 1381 mus
519 1323 712 1399 igitur
738 1322 1109 1381 confitentem
1144 1341 1330 1391 reum,
1362 1322 1470 1397 qui
1510 1322 1628 1379 tria
1663 1320 1762 1379 hic
1787 1321 2076 1397 agnoscit:
2118 1340 2372 1397 quorum
2397 1322 2660 1397 primum

344 1432 451 1490 est,
478 1441 547 1479 ea
571 1440 701 1498 quoe
728 1422 892 1490 visu3
929 1420 1203 1489 alterum,
1232 1439 1363 1496 quae
1390 1420 1603 1478 auditu
1629 1418 1908 1479 hauserat
1941 1420 2002 1476 in
2033 1420 2250 1496 scripta
2273 1438 2336 1477 se
2361 1419 2658 1487 retulisse,

344 1530 704 1597 postremum
746 1539 839 1579 res
880 1520 954 1577 ab
993 1519 1099 1578 illo
1139 1519 1222 1577 sic
1262 1528 1544 1594 acceptas,
1575 1537 1682 1577 nec
1721 1519 1808 1576 ita
1831 1538 1998 1577 veras
2037 1538 2176 1587 esse,
2217 1527 2292 1575 ut
2331 1517 2558 1577 temere
2585 1520 2659 1575 iis

344 1618 578 1679 credere
602 1618 765 1675 ullus
792 1617 1028 1685 debean
1067 1635 1175 1676 nec
1214 1624 1337 1673 tam
1376 1616 1592 1685 firmas,
1629 1624 1702 1674 ut
1727 1636 1846 1674 non
1873 1617 1994 1675 sint
2035 1615 2385 1675 affirmandae
2423 1626 2536 1673 aut
2561 1636 2660 1675 ne·-

343 1716 565 1791 gandoe.
662 1713 842 1784 Quod
880 1716 931 1773 si
958 1734 1087 1791 quae
1115 1714 1209 1771 vel
1235 1733 1340 1790 per
1366 1733 1444 1783 se,
1483 1714 1579 1771 vel
1605 1714 1736 1771 aliis
1761 1714 2144 1779 narrantibus
2169 1715 2460 1789 cognovit,
2492 1714 2662 1779 tanta

342 1815 606 1873 laborare
644 1814 1065 1873 incertitudine
1102 1814 1227 1891 ipse
1266 1820 1559 1889 agnoscat,
1597 1812 1716 1889 qua
1741 1812 2100 1871 certitudine
2137 1814 2356 1890 scripta
2381 1814 2518 1889 ejus
2542 1813 2660 1871 ful-

344 1914 577 1972 cientur
603 1932 722 1973 non
747 1913 932 1977 viden.
1013 1912 1146 1971 Non
1186 1912 1329 1971 adeo
1370 1931 1502 1969 sum
1541 1932 1576 1969 a
1604 1912 1845 1971 Giraldo
1883 1932 2140 1983 aversus,
2184 1922 2256 1971 ut
2295 1932 2388 1971 res
2427 1913 2664 1991 abipso

343 2014 515 2083 visas,
560 2013 624 2069 in
664 2012 913 2071 dubium
957 2030 1239 2071 revocem.
1338 2010 1456 2069 Sed
1489 1992 1606 2069 1·θέ
1631 2017 1669 2044 “
1683 2011 2161 2069 authenticorum
2201 2012 2663 2087 comprovincia-

343 2112 532 2169 lium’'
573 2110 675 2188 (ut
703 2110 981 2169 Giraldus
1006 2108 1303 2187 loquitur)
1332 2110 1715 2179 relationibus
1751 2118 2076 2185 compertae,
2118 2108 2342 2167 nullius
2368 2108 2534 2186 apud
2565 2127 2665 2169 me

342 2212 438 2271 vel
464 2211 619 2282 fidei,
651 2211 746 2269 vel
773 2208 1047 2287 ponderis
1069 2218 1264 2279 erunt,
1295 2217 1368 2267 ut
1394 2228 1650 2285 quorum
1677 2209 1807 2267 aliis
1833 2210 2088 2286 perfidiae
2108 2217 2306 2266 notam
2331 2208 2458 2285 ipse
2487 2198 2664 2267 Gam-

342 2311 569 2369 brensis
608 2311 827 2367 inurit:
868 2309 1011 2368 alios
1050 2306 1231 2386 paulo
1272 2305 1409 2369 ante
1443 2308 1760 2385 praedones,
1802 2308 1946 2365 alios
1971 2307 2303 2376 homicidas,
2332 2307 2660 2375 seditiosos,

342 2410 688 2487 flagitiosos:
725 2410 1012 2486 primores
1038 2390 1464 2483 Neubrigensis
1493 2414 1530 2441 ‘⁶
1545 2406 1744 2483 inopia
1769 2406 2117 2477 laborantes,
2147 2416 2208 2465 et
2231 2407 2386 2464 lucri
2411 2406 2666 2483 cupidos

340 2506 717 2583 appellavit,”
758 2514 833 2563 ut
872 2506 1106 2564 nullum
1148 2505 1237 2562 illi
1276 2505 1618 2583 perfugium
1644 2503 1944 2585 reliquum
1979 2506 2094 2561 nisi
2118 2505 2182 2562 in
2210 2504 2332 2563 sol&
2357 2503 2516 2561 fam&
2557 2505 2658 2561 sit.

344 2605 553 2678 Itaque
590 2604 747 2662 inter
772 2604 1048 2663 mortales
1078 2602 1353 2675 existens,
1396 2604 1536 2667 cum
1570 2603 1854 2661 mendacii
1893 2624 1926 2661 a
1961 2604 2314 2679 quibusdam
2338 2603 2666 2679 urgentius

342 2710 709 2776 argueretur,
738 2709 799 2759 et
825 2702 1219 2777 plurimorum
1246 2686 1757 2761 reclamationibus
1784 2702 2156 2777 frequentius
2195 2703 2660 2771 obtunderetur,

226 2854 231 2859 ,
342 2799 577 2875 culpam
603 2817 637 2855 a
662 2817 724 2857 se
748 2799 812 2856 in
838 2799 1050 2858 famam
1078 2799 1320 2869 retulit;
1360 2807 1434 2855 ut
1460 2796 1758 2859 mendacia
1783 2817 2090 2856 rumorum
2117 2799 2386 2876 praesidio
2411 2808 2665 2875 tegeret.

460 2897 595 2956 Nisi
635 2896 789 2955 enim
830 2898 903 2955 ab
942 2916 1010 2959 eo
1050 2896 1320 2957 veritatis
1360 2897 1584 2973 agnitio
1621 2916 1726 2973 per
1757 2898 1880 2955 vim
1919 2898 2368 2973 exprimeretur,
2409 2916 2530 2955 non
2567 2908 2666 2957 est

344 2996 621 3065 credibile
660 3004 896 3054 tantum
938 2997 1013 3053 ab
1047 2996 1153 3056 illo
1186 2995 1438 3055 dedecus
1465 2996 1540 3053 ab
1567 3014 1634 3052 eo
1659 2994 1976 3065 admissum
2013 2996 2091 3052 iri
2117 3004 2190 3053 ut
2216 2996 2463 3055 diceret:
2508 3003 2549 3029 “
2567 2997 2664 3055 De

346 3094 751 3172 Topographia
772 3092 1110 3163 Hibernica‚
1140 3094 1339 3155 labore
1366 3093 1588 3151 scilicet
1614 3100 1814 3151 nostro
1833 3094 2108 3171 primaevo
2128 3094 2249 3151 fere
2274 3113 2380 3153 nec
2405 3095 2664 3171 ignobili

343 3195 451 3251 ubi
488 3195 678 3251 multa
716 3212 882 3262 nova,
924 3193 1168 3267 aliisque
1201 3192 1544 3269 regionibus
1568 3210 1810 3269 prorsus
1835 3193 2134 3269 incognita
2159 3194 2430 3271 (ideoque
2468 3195 2666 3270 magis

344 3290 705 3369 admiranda)
726 3292 1087 3360 scribuntur,
1107 3290 1217 3348 hoc
1240 3310 1349 3368 pro
1364 3300 1526 3349 certo
1553 3290 1870 3360 sciendum,
1895 3290 2058 3367 quod
2073 3292 2456 3373 quorundam,
2481 3293 2662 3367 quin·-

346 3395 463 3451 imo
506 3391 948 3468 quamplurium
994 3409 1099 3465 per
1134 3390 1476 3465 diligentem
1521 3398 1581 3448 et
1621 3398 1840 3457 certam
1880 3390 2310 3473 indagationem
2349 3410 2383 3448 a
2425 3393 2660 3468 magnis

346 3502 518 3551 terrae
545 3492 709 3549 illius
730 3500 791 3547 et
817 3488 1174 3551 authenticis
1193 3488 1339 3546 viris
1354 3489 1627 3565 notitiam
1645 3488 1986 3558 elicuimus;
2015 3489 2087 3547 de
2107 3489 2448 3564 caeterisque
2468 3492 2660 3551 totius

344 3600 515 3648 terrae
542 3591 755 3647 famam
780 3588 981 3666 potius
1008 3587 1195 3647 secuti
1223 3605 1454 3645 sumus:
1496 3587 1569 3644 de
1605 3587 1823 3662 quibus
1848 3587 2120 3645 omnibus
2145 3606 2280 3644 cum
2309 3589 2660 3663 Augustino

346 3690 649 3757 sentimuS‚
688 3690 705 3765 ζ
819 3689 883 3746 in
908 3688 1021 3747 lib..
1040 3686 1113 3744 de
1134 3686 1391 3745 Civitate
1417 3686 1546 3754 Dei,
1577 3686 1648 3743 de
1675 3686 1910 3755 talibuS,
1955 3706 2084 3763 quae
2113 3674 2306 3745 schini
2328 3687 2481 3744 fama
2505 3688 2661 3747 cele-

342 3787 495 3855 brat,
538 3806 644 3845 nec
671 3708 830 3849 03:2¹&
856 3786 1108 3845 veritate
1148 3784 1484 3843 fulciuntur
1511 3784 1814 3859 loquutuS,
1847 3804 1966 3851 ,nec
2003 3804 2068 3843 ea
2103 3784 2441 3843 affirmanda
2468 3786 2661 3861 pluri-

1156 3929 1197 3959 10
1215 3926 1448 3982 Praefatio,
1470 3925 1500 3971 i.
1527 3924 1638 3972 Hib.
1659 3925 1848 3984 Expug.
1897 3936 1906 3941 ·
