2834 4467
337 207 468 273 210
798 274 806 281 ,
1110 223 1523 271 οΑΜΒΒΕΝεῙει
1551 224 1862 295 amasus.
2367 226 2521 292 [cir.
2545 226 2643 275 111.

336 360 628 438 tissimum
666 379 806 449 fore,
854 378 953 437 sed
980 378 1157 445 etiam
1200 398 1261 437 se
1296 379 1684 456 percupidum
1724 398 1845 437 esse
1871 376 2162 447 noscendi,
2198 376 2356 453 quod
2382 378 2647 453 pretium

334 480 467 554 ejus
494 480 671 555 capiti
682 488 933 548 statuat,
962 488 1036 537 ut
1062 487 1306 549 constet,
1338 480 1388 536 si
1412 480 1535 536 fato
1561 478 1760 553 aliquo
1786 478 1990 552 iniquo
2017 476 2071 533 ei
2097 495 2306 533 manus
2330 476 2642 543 inseratur,

334 578 457 653 qua
494 576 719 635 mulcta
745 578 925 635 caedes
962 578 1093 652 ejus
1130 578 1357 654 expiari
1382 578 1608 645 debeat,
1645 584 1720 633 ut
1755 596 1882 634 eam
1923 576 2157 634 facilius
2197 596 2230 632 a
2267 576 2389 633 suis
2414 575 2648 651 viritim

337 678 553 752 exigat.
620 676 679 734 N
680 674 840 733 ostra
866 678 1005 733 vero
1026 676 1303 733 memoria
1330 695 1469 751 ager
1494 677 1650 733 inter
1680 674 2125 737 Dubliniensem
2153 682 2213 731 et
2231 674 2647 731 Wexfordien-

336 795 457 834 sem
472 775 787 833 comitatus
801 775 1045 850 positus,
1066 776 1140 833 ad
1159 775 1485 832 O’Brinnos
1505 782 1566 831 et
1583 772 1956 831 O’Tothelios
1969 772 2109 835 dim
2131 780 2410 847 spectan8‚
2426 772 2649 829 Wiclo-

337 876 489 932 ensis
516 874 845 942 comitatus,
875 881 935 931 et
962 872 1282 931 Hibernice
1306 873 1377 931 de
1404 872 1772 929 Kilmantain
1798 872 1994 929 dictus
2022 856 2166 929 est44.
2246 872 2335 929 Ut
2353 890 2473 928 non
2497 871 2648 929 falso

339 974 615 1051 Davisius
636 969 883 1030 dixerit:
914 978 951 1005 “
965 972 1112 1029 duos
1140 972 1442 1029 Hiberniae
1463 974 1709 1029 trientes
1735 970 1809 1027 ad
1836 970 2128 1027 avitarum
2155 969 2352 1045 legum
2379 989 2649 1034 normam,

338 1054 773 1127 administratas
813 1068 1075 1125 nondum
1102 1069 1494 1125 comitatuum
1522 1068 1784 1137 formam,
1816 1077 1921 1125 aut
1957 1049 2168 1125 nomen
2193 1068 2471 1137 induisse,
2501 1069 2648 1127 adeo

336 1176 411 1225 ut
428 1168 531 1242 jus
547 1168 610 1224 in
636 1167 709 1224 iis
735 1186 895 1225 more
922 1167 1177 1243 Anglico
1202 1162 1370 1225 nullo
1395 1176 1566 1243 pacto
1593 1167 1710 1224 dici
1735 1168 2056 1243 potuerit.”
2111 1166 2170 1224 N
2172 1187 2236 1225 ec
2257 1168 2452 1225 minus
2478 1166 2648 1243 aeque

337 1284 477 1323 mox
502 1266 671 1334 idem,
716 1265 945 1340 adjecit,
990 1266 1245 1341 “legum
1272 1265 1738 1340 Anglicanarum
1763 1264 1827 1321 in
1865 1264 2155 1321 Hibernia
2182 1265 2648 1341 observationem

338 1364 571 1439 exiguis
602 1364 822 1439 viginti
864 1364 1211 1421 milliarium
1254 1364 1476 1421 finibus
1513 1363 1934 1433 circumscribi,
1983 1372 2067 1420 et·
2089 1363 2246 1433 hinc,
2291 1372 2421 1421 tum
2456 1363 2648 1439 vulgo

336 1464 563 1521 dictum
604 1463 786 1519 fuisse
827 1481 939 1530 eOS,
982 1463 1087 1537 qui
1126 1463 1311 1523 ultra,
1336 1462 1590 1519 Barham
1623 1481 1849 1519 amnem
1892 1462 2156 1519 Dublino
2199 1462 2446 1537 triginta
2483 1464 2653 1521 mille

337 1580 542 1636 passus
568 1561 840 1618 dissitum
866 1562 1393 1629 commorabantur,
1425 1568 1595 1617 extra
1620 1560 1818 1637 legum
1846 1560 2064 1619 limites
2090 1561 2411 1619 versari“.’'
2540 1554 2544 1558 ’

446 1660 604 1729 Quid
631 1658 793 1735 quod
811 1659 997 1736 Angli
1022 1678 1263 1715 suarum
1289 1659 1488 1738 legum
1515 1659 1738 1735 copiam
1758 1659 2040 1716 Hibernis
2067 1660 2252 1717 facere
2277 1660 2648 1730 renuerintss,

340 1767 401 1816 et
440 1778 557 1815 non
595 1758 785 1815 solum
812 1778 920 1835 pro
960 1757 1300 1833 alienigenis
1340 1758 1470 1815 illos
1513 1757 1614 1814 sed
1651 1758 1827 1814 etiam
1859 1776 1968 1833 pro
2004 1755 2275 1815 hostibus
2306 1758 2648 1827 habuerint,

338 1874 475 1913 cum
515 1855 837 1913 universim
866 1855 1163 1912 Hibernos
1197 1874 1411 1923 omneS,
1453 1863 1668 1932 praeter
1693 1856 1956 1931 quinque
1991 1856 2258 1925 familias,
2302 1864 2362 1913 et
2385 1856 2652 1932 privatos

340 1953 621 2028 quosdam
646 1972 765 2009 suae
792 1952 1198 2028 adscriptionis
1224 1953 1381 2011 inter
1407 1954 1636 2029 Anglos
1661 1954 1892 2011 tabulas
1917 1954 2262 2012 nominatim
2289 1964 2648 2025 consecutos,

339 2072 373 2109 a
400 2070 519 2109 suae
552 2052 715 2127 Reip.
744 2051 1147 2109 communione
1181 2070 1298 2108 non
1334 2070 1500 2109 secus
1539 2071 1606 2109 ac
1645 2052 1696 2109 si
1734 2053 2030 2127 peregrini
2069 2061 2277 2122 essent,
2307 2042 2650 2123 arcuerunt.

341 2150 616 2225 Quinque
642 2150 890 2206 familias
914 2132 1348 2207 immunitatem
1371 2151 1533 2207 inter
1560 2150 1787 2225 Anglos
1813 2160 2014 2215 nactas
2032 2152 2306 2209 Davisius
2332 2152 2424 2209 his
2450 2155 2653 2211 verbis

340 2270 373 2309 e
410 2252 649 2327 publico
675 2236 968 2308 tabulario
994 2250 1282 2327 decerptis
1307 2250 1588 2309 nominat.
1671 2257 1709 2283 “
1731 2250 1850 2319 Qui
1875 2252 2194 2327 gaudent,'’
2220 2253 2432 2328 inquit,
2467 2261 2505 2285 ‘⁶
2522 2253 2653 2330 lege

339 2349 669 2425 Anglicana
696 2349 886 2426 quoad
920 2349 1122 2407 brevia
1145 2349 1450 2426 portanda,
1491 2357 1647 2417 sunt,
1681 2350 1814 2407 O’N
1815 2350 1891 2407 eil
1916 2351 1987 2408 de
2013 2350 2277 2420 Ultonia,
2307 2352 2650 2429 O’Molagh-

339 2448 459 2503 lain
506 2447 579 2504 de
620 2446 824 2515 Midia,
871 2440 1297 2523 O’Connoghor
1344 2445 1415 2504 de
1441 2446 1730 2515 Conscia,
1789 2447 2046 2504 O’Brian
2091 2448 2171 2529 de
2197 2448 2538 2519 Thomonia,
2590 2462 2652 2510 et

341 2545 732 2620 MacMorogh
758 2545 831 2603 de
852 2545 1203 2621 Lagoniave’
1261 2545 1432 2613 Quod
1448 2545 1752 2603 indultum
1781 2546 1918 2605 inde
1935 2555 2148 2605 nutare
2167 2551 2458 2623 arguitur,
2485 2548 2653 2625 quod

345 2645 476 2703 O’N
478 2645 630 2701 ellus
657 2644 937 2701 Kildariae
964 2645 1195 2702 comitis
1218 2644 1384 2713 filiae,
1404 2645 1683 2702 Edwardi
1720 2646 1828 2703 IV.
1855 2646 2150 2720 vigesim0,
2183 2656 2243 2703 et
2273 2646 2496 2705 Christi
2521 2650 2653 2705 nati

348 2746 501 2801 1480
543 2762 710 2811 ann0,
756 2744 1128 2800 matrimonio
1161 2743 1522 2819 jungendus,
1569 2744 1696 2820 lege
1742 2764 1775 2801 a
1821 2745 2072 2803 comitiis
2119 2745 2258 2816 lats,
2307 2748 2448 2803 civis
2490 2748 2653 2806 inter

343 2841 572 2917 Anglos
585 2842 704 2916 jus,
731 2842 897 2899 nulla
922 2843 1230 2901 memorati
1254 2844 1549 2919 privilegii
1564 2844 1790 2902 ratione
1815 2844 2035 2912 habita,
2059 2852 2402 2901 consecutus
2420 2846 2651 2905 fuerit?

203 2942 321 3010 [21]
346 2941 505 3013 Quid
530 2950 729 2999 autem
760 2939 771 3021 Ι
804 2942 1099 3000 Hibernos
1125 2942 1188 2999 in
1208 2942 1562 3001 advenarum
1582 2962 1827 3001 numero
1847 2944 1920 3000 ab
1940 2943 2154 3019 Anglis
2181 2944 2505 3014 collocatos,
2528 2955 2591 3004 et
2619 2967 2654 3004 a

538 3099 581 3134 u
599 3081 760 3157 navis,
784 3113 829 3160 p.
854 3100 965 3146 211.
1030 3099 1073 3133 ιε
1096 3098 1211 3159 Pag.
1239 3100 1345 3158 188,
1376 3101 1483 3147 189.
1549 3100 1590 3134 ω
1613 3099 1746 3158 Ibid„
1771 3114 1816 3171 p.
1843 3101 1920 3159 83,
1945 3104 1994 3147 et
2009 3114 2100 3160 seq.
2167 3101 2208 3135 4⁷
2231 3102 2347 3161 rag.
2373 3103 2450 3148 84.

410 3249 432 3275 ¹¹
450 3242 549 3289 The
563 3241 762 3302 English
781 3242 889 3299 had,
910 3241 1029 3288 from
1047 3256 1107 3289 an
1128 3242 1258 3303 early
1273 3244 1446 3303 period,

241 3312 247 3317 ’
346 3328 512 3377 muas
526 3327 797 3385 atArklow,
812 3325 1123 3386 castlekevin,
1144 3327 1446 3387 Balfinglass,

347 3414 441 3460 and
456 3412 701 3459 Wicklow.
746 3406 851 3457 The*
865 3410 972 3469 last,
998 3413 1047 3457 in
1068 3426 1155 3457 one
1174 3412 1226 3457 of
1242 3413 1323 3457 the
1338 3412 1450 3458 rolls

345 3499 399 3545 of
425 3498 628 3543 Edward
649 3497 759 3555 111„
787 3498 830 3543 is
860 3496 1008 3543 called
1034 3511 1065 3543 a
1090 3497 1293 3543 frontier.

414 3590 433 3613 '
455 3583 555 3630 Tho
583 3582 757 3642 precise
786 3582 933 3629 limite
964 3582 1017 3628 of
1046 3584 1127 3628 the
1162 3582 1369 3629 counties
1400 3587 1452 3629 at

346 3667 533 3716 various
544 3668 711 3726 epocbs
727 3680 805 3727 are
824 3672 907 3713 not
922 3666 1115 3727 exactly
1129 3667 1314 3712 known.
1350 3666 1450 3715 The

334 3753 481 3799 ‹truth
500 3753 553 3797 of
571 3752 757 3799 Davis’s
776 3744 997 3799 assei-tion
1014 3766 1124 3812 may
1137 3752 1195 3798 be
1215 3752 1362 3798 tested
1383 3752 1448 3811 by

346 3840 428 3886 the
456 3839 701 3898 preceding
721 3843 864 3885 notes.

416 3928 447 3952 w
470 3922 555 3970 see
575 3927 705 3969 notes
726 3930 758 3981 ²,
782 3927 817 3980 ⁸,
837 3924 998 3982 supra,
1018 3936 1062 3981 p.
1088 3924 1196 3969 2⁰0.

1607 3249 1632 3275 ⁸
1662 3243 1762 3290 The
1795 3244 1903 3289 date
1931 3242 1984 3289 of
2008 3242 2137 3290 these
2167 3249 2344 3303 grant-s,
2381 3246 2462 3292 the
2487 3245 2654 3293 Editor

1541 3328 1750 3386 believes,
1765 3329 1852 3375 has
1872 3334 1956 3374 not
1975 3328 2090 3375 been
2111 3330 2410 3377 ascertailied.
2443 3330 2545 3377 The
2559 3332 2654 3379 five

1543 3414 1704 3461 bloods
1739 3428 1816 3460 are
1849 3414 2114 3459 mentioned
2148 3414 2196 3460 in
2241 3415 2320 3461 the
2359 3415 2474 3463 Plea
2503 3416 2650 3475 Bous,

1543 3496 1604 3545 A.
1630 3498 1688 3544 D.
1719 3498 2096 3556 1310.-Dam'⁸,
2122 3512 2166 3558 p.
2194 3501 2271 3546 84.
2339 3501 2432 3547 Yet
2465 3502 2546 3547 the
2577 3516 2652 3548 re·

1544 3587 1834 3629 monstranco
1863 3583 1916 3628 of
1943 3580 2127 3631 O’Neill
2157 3590 2206 3631 to
2238 3585 2318 3631 the
2349 3586 2476 3644 Pope
2499 3586 2654 3632 before

1547 3668 1751 3714 Edward
1773 3668 1958 3714 Bruce's
1977 3669 2203 3728 invasion,
2233 3672 2373 3729 1315,
2397 3670 2654 3729 complains

1548 3754 1654 3800 that
1673 3768 1734 3799 no
1756 3753 2006 3811 Irishman,
2025 3754 2106 3815 lay
2123 3768 2176 3801 or
2189 3754 2385 3813 clerical,
2401 3755 2442 3801 is
2458 3755 2655 3802 entitled

1467 3884 1472 3889 .
1546 3843 1598 3885 to
1618 3839 1818 3899 English
1838 3839 1942 3898 law,
1971 3840 2216 3899 “praelatis
2236 3838 2490 3899 exeeptis?
2557 3840 2658 3887 But

1549 3935 1674 3968 some
1713 3921 1940 3970 Irishmen
1960 3938 2081 3971 were
2112 3924 2340 3985 oertaixfly
2371 3924 2566 3971 entitled
2605 3930 2656 3971 to
