2834 4467
356 228 485 294 384
1126 246 1542 291 cananensrs
1573 246 1880 291 nvnnsus.

2379 246 2532 315 [CAP.
2557 250 2676 303 vn.

351 403 483 457 tur:
516 406 552 432 “
564 401 633 457 In
648 400 879 457 cunctis
898 400 1323 475 congressibus,
1348 399 1506 459 inter
1527 400 1833 459 universos
1855 398 2213 457 strenuitate
2227 400 2517 457 laudabili
2537 406 2676 459 cu'm

352 498 610 556 Roberto
631 500 921 566 Barrensi,
951 498 1249 576 Meylerus
1275 499 1618 557 emicuitfflae’
1679 498 1892 555 Alium
1911 498 2086 555 etiam
2102 499 2466 555 avunculum
2495 518 2676 555 sunm

351 598 707 655 Mauricium
731 597 1091 655 Giraldidem
1110 598 1369 673 appellat
1397 598 1644 654 “virum
1663 597 1778 655 fide
1797 606 1858 655 et
1885 597 2240 653 strenuitate
2265 598 2674 673 conspicuum,

348 696 547 751 virum
600 696 851 771 puellari
896 695 1265 766 verecundia,
1318 705 1440 753 tam
1483 696 1680 765 animi,
1737 697 1916 771 quam
1965 697 2136 753 verbi
2179 697 2512 753 constantia
2557 698 2674 753 cla-—

351 796 529 850 rum³³
542 796 601 861 ;”
628 803 689 851 et
710 795 852 851 alibi
882 800 919 826 “
932 795 1130 851 virum
1150 794 1498 864 modestum,
1519 795 1888 871 prudentem,
1915 814 1984 854 ac
2009 804 2336 877 strenuum,
2359 796 2470 870 qui
2487 796 2676 853 alium

350 893 415 947 in
444 892 733 950 Hibernia
762 901 894 968 post
920 912 982 950 se
1006 894 1357 962 constantia,
1400 902 1464 951 et
1489 894 1604 951 fide
1629 892 1962 962 firmiorem,
1991 894 2086 951 vel
2111 894 2468 951 strenuitate
2494 914 2672 970 praes-

350 992 663 1048 tantiorem
680 1010 798 1047 non.
817 991 1117 1067 reliquit.’'
1160 993 1353 1067 Cujus
1372 992 1534 1049 filius
1549 1002 1818 1067 uterque,
1844 992 2341 1061 tamsAlexander,
2361 994 2549 1068 quam
2569 994 2672 1051 Gi·-

350 1090 553 1147 raldus
580 1090 673 1147 vir
710 1108 1063 1165 quamquam
1098 1092 1328 1149 statura
1355 1091 1630 1167 pusillus,
1669 1089 1989 1167 prudentia
2025 1099 2238 1159 tamen,
2282 1100 2343 1148 et
2369 1092 2672 1167 probitate

348 1195 469 1244 'non
492 1187 755 1245 modicus
784 1190 1153 1247 strenuitatis
1182 1208 1357 1265 opera
1380 1190 1445 1245 in
1475 1190 1742 1265 Lageniae
1773 1190 2046 1265 partibus
2085 1190 2524 1258 florueruntass’
2553 1210 2670 1249 non

352 1287 493 1343 satis
520 1287 739 1343 habens
766 1288 1069 1345 universos
1098 1288 1470 1363 amplissimis
1497 1288 1696 1345 titulis
1733 1288 2020 1357 decorare,
2063 1288 2180 1345 nisi
2215 1288 2466 1363 singulis
2493 1290 2670 1345 etiam

349 1386 596 1442 virtutis
622 1386 835 1441 famam
860 1395 1238 1461 compararet.
1320 1388 1390 1443 In
1418 1406 1486 1443 eo
1511 1387 1748 1462 fastigio
1775 1395 2050 1463 cognatos
2075 1389 2392 1445 verborum
2416 1387 2670 1445 artificio

350 1484 653 1551 collocans,
684 1483 841 1559 quod
866 1485 1037 1541 factis
1064 1485 1399 1561 pertingere
1435 1484 1556 1553 viz,
1587 1504 1653 1541 ac
1679 1504 1753 1541 ne
1780 1485 1884 1541 vix
1911 1485 2150 1560 quidem
2186 1493 2459 1561 poterant
2483 1508 2502 1554 ;
2553 1506 2669 1562 quo

350 1582 543 1639 virtus
572 1560 773 1638 eorum
792 1584 947 1639 tanti
966 1584 1307 1651 aestimetur,
1330 1582 1615 1657 quantum
1637 1582 1832 1638 verbis
1859 1601 1925 1639 ea
1941 1583 2144 1658 potuit
2169 1583 2332 1639 illius
2358 1583 2669 1659 ingenium

350 1680 648 1736 extollere.
711 1680 800 1735 Ut
822 1680 1248 1747 Alexandrum,
1281 1680 1644 1755 Pompeium,
1671 1680 2042 1748 Annibalem,
2075 1682 2376 1750 cessarem,
2403 1682 2668 1757 aliosque

259 1832 266 1841 ,
350 1778 507 1834 viros
536 1779 747 1835 Martis
772 1778 1039 1835 alumnos
1079 1798 1279 1836 rerum
1306 1788 1604 1855 gestarum
1630 1780 2021 1855 gloriam·non
2059 1779 2250 1837 solum
2275 1800 2528 1855 aequare,
2569 1782 2668 1839 sed

350 1876 527 1932 etiam
554 1876 805 1931 nominis
832 1876 1173 1937 celebritate
1198 1896 1474 1951 superare
1498 1876 1831 1934 videantur.

470 1968 599 2027 Im&
635 1972 1087 2029 Cambrensibus
1122 1980 1333 2048 utpote
1368 1974 1754 2048 popularibus
1790 1973 1928 2040 suis„
1967 1982 2052 2054 et*
2063 1974 2282 2048 quibus
2321 1974 2670 2050 cognatione

350 2088 615 2127 annexus
636 2079 779 2138 erat,
800 2070 1199 2127 honoratiores
1226 2070 1357 2127 illas
1373 2070 1894 2129 commendationes
1913 2072 1998 2127 sic
2015 2070 2222 2139 affixit,
2239 2080 2314 2129 ut
2335 2090 2432 2129 eas
2447 2074 2670 2153 Anglis

350 2168 612 2241 ejusdem
654 2169 878 2226 militiae
907 2169 1075 2227 sociis
1100 2168 1333 2245 parcius
1360 2168 1734 2244 impertierit.
1823 2170 1974 2225 Ecce
2007 2169 2122 2225 tibi
2158 2168 2276 2243 qu&¹
2301 2172 2668 2229 commenda-

352 2266 513 2323 tione
542 2267 853 2323 Curcaeum
894 2266 1291 2342 prosequitur,
1336 2266 1460 2341 qui,
1503 2266 1606 2321 illo
1633 2265 1878 2333 dicente,
1922 2271 1958 2298 “
1975 2266 2068 2325 vir
2095 2266 2281 2335 fortiS,
2323 2276 2384 2325 et
2409 2268 2667 2326 bellator

354 2373 498 2433 erat,
529 2366 603 2421 ab
630 2364 1037 2433 adolescentia,
1085 2382 1311 2440 semper
1336 2364 1403 2420 in
1427 2364 1548 2421 acie
1572 2363 1818 2439 primuS,
1849 2353 2078 2440 semper⁵
2097 2365 2383 2440 gravioris
2409 2368 2667 2441 periculi

555 2518 596 2554 32
625 2518 736 2563 Hib.
764 2518 956 2576 Expug.
978 2516 1060 2562 lib.
1085 2516 1116 2561 i.
1140 2530 1179 2561 c.
1209 2518 1281 2561 11.
1349 2517 1389 2548 ³³
1404 2514 1523 2560 Ibid.
1548 2514 1628 2560 lib.
1652 2514 1682 2559 i.
1712 2528 1752 2559 c.
1776 2516 1850 2561 16.
1917 2516 1956 2549 34
1977 2516 2094 2562 rbid.
2116 2516 2197 2563 lib.
2215 2516 2264 2563 ii.
2287 2532 2328 2563 c.
2353 2519 2430 2563 24.

363 2684 365 2689 ·
413 2666 435 2691 ⁰
461 2661 489 2697 ‘-‘
506 2660 619 2705 This
634 2659 913 2719 Fitzgerald,
938 2660 1017 2705 the
1032 2659 1297 2717 progenitor
1312 2656 1363 2703 of
1387 2657 1453 2703 all

349 2746 431 2791 the
454 2743 733 2801 Geraldinea
760 2758 857 2789 was
892 2744 1067 2800 buried,
1102 2744 1195 2789 and
1226 2748 1307 2801 yet
1336 2742 1452 2790 lieth

350 2829 400 2873 in
422 2842 452 2873 a
467 2833 730 2886 monastery
752 2828 803 2873 of
821 2826 945 2885 Grey
969 2827 1134 2885 Friars,
1159 2827 1357 2871 without
1374 2827 1454 2871 the

350 2912 484 2957 walls
505 2912 557 2957 of
572 2912 652 2957 the
672 2917 798 2958 town
814 2912 865 2957 of
884 2910 1121 2968 Wexford,
1143 2911 1294 2956 which
1310 2910 1452 2956 house

348 2999 391 3043 is
413 3010 518 3043 now
540 2996 781 3052 dissolv-ed,
806 2996 899 3041 and
922 2996 1001 3041 the
1022 3000 1292 3041 monument
1312 2995 1364 3040 of
1379 2996 1454 3041 his

348 3080 500 3127 burial
516 3081 682 3127 almost
691 3080 950 3139 destroyed,
968 3080 1312 3139 therewanting
1327 3092 1452 3125 some

348 3168 469 3227 good
492 3168 583 3211 and
607 3168 791 3225 worthy
816 3180 927 3211 man
950 3173 999 3212 to
1020 3171 1189 3212 restore
1222 3166 1300 3211 the
1326 3179 1452 3211 same

348 3252 527 3311 againe.
574 3250 650 3296 He
671 3252 889 3297 deserved
904 3250 1010 3297 well
1032 3251 1085 3296 of
1098 3250 1173 3295 his
1190 3250 1343 3307 prince
1358 3250 1452 3293 and

348 3343 559 3397 country,
579 3338 673 3383 and
694 3336 915 3383 therefore
927 3335 1206 3381 lamentable
1218 3336 1257 3380 it
1275 3335 1327 3391 is,
1348 3334 1454 3379 that

347 3422 397 3469 in
419 3422 665 3469 wunkind
688 3436 717 3467 a
738 3428 933 3481 country
954 3436 1015 3467 no
1036 3436 1121 3467 one
1141 3422 1263 3481 good
1284 3434 1395 3467 man
1410 3421 1453 3469 is

348 3488 412 3554 to·
429 3508 486 3553 be
514 3508 671 3565 found,
706 3508 813 3552 that
844 3507 896 3553 of
924 3521 975 3553 so
1006 3507 1190 3565 wonthy
1216 3520 1246 3551 a
1280 3506 1454 3565 knight

347 3592 445 3637 will
467 3596 547 3637 not
570 3596 739 3637 restore
754 3604 806 3636 so
820 3591 1004 3649 worthy
1022 3604 1051 3637 a
1072 3590 1452 3635 monument.”.-.

348 3674 575 3723 Hooker's
592 3680 697 3721 note
710 3680 758 3721 to
770 3676 884 3721 Hib.
903 3674 1096 3734 Expay.
1118 3675 1241 3721 book
1254 3675 1300 3719 ii.
1316 3689 1355 3720 c.
1372 3677 1446 3721 16.

412 3768 435 3801 Ρ
460 3764 489 3789 “
504 3762 545 3807 O
570 3760 793 3809 Camber!
818 3774 913 3805 non
932 3760 1183 3806 meministi
1204 3760 1450 3806 verborum

345 3847 417 3891 tui
455 3846 699 3903 Ciceronis,
736 3846 815 3904 qui
853 3846 1034 3891 dicebat
1072 3847 1084 3869 ⁴
1102 3845 1324 3891 minorem
1352 3857 1453 3889 esse

346 3930 497 3988 fidem,
521 3931 744 3975 minorem
779 3938 881 3975 esse·
908 3930 1227 3975 auctoritatem
1245 3927 1255 3945 '
1293 3942 1450 3975 eorum

1551 2659 1632 2717 qui
1653 2672 1884 2718 praecones
1905 2658 2024 2704 fiunt
2040 2658 2232 2705 laudum
2249 2672 2451 2705 suorum.
2499 2660 2668 2721 Neque

1551 2746 1660 2789 cum
1680 2757 1936 2805 panegyres
1965 2743 2080 2789 istas
2111 2743 2350 2802 scribebas,
2370 2745 2668 2803 praevidebas
2685 2756 2700 2765 ·

1551 2828 1656 2875 ideo
1697 2830 1818 2873 inter
1861 2827 2084 2885 plurimas
2121 2842 2285 2874 causas
2319 2827 2449 2887 alias,
2479 2834 2666 2875 vestros

1551 2912 1692 2959 libros
1713 2920 1743 2958 a
1762 2912 2008 2957 lectoribus
2029 2910 2137 2957 olim
2162 2912 2211 2957 in
2240 2912 2400 2957 diebus
2435 2912 2533 2957 tuis
2553 2927 2663 2971 pas·

1552 2998 1640 3043 sim
1662 2997 1908 3043 illaudatos
1939 3002 1987 3043 et
2015 3002 2312 3055 contemptos,
2338 2998 2512 3055 partim
2536 3000 2662 3057 quod

1549 3084 1600 3128 in
1619 3083 1714 3129 illis
1734 3084 1904 3141 ubique
1919 3082 2067 3142 egeris
2089 3096 2344 3141 praeconem
2360 3086 2555 3128 tuorum
2577 3097 2660 3129 en—

1550 3165 1850 3225 comiorum,”
1887 3168 1965 3213 διο.
2001 3166 2080 3213 &c.
2103 3166 2374 3212 —White’s
2403 3166 2657 3226 Apologia,

1550 3268 1590 3298 c-
1617 3256 1660 3299 7.

1613 3344 1638 3379 (Ι
1661 3338 1880 3385 Giraldus
1901 3338 2011 3383 does
2031 3341 2114 3381 not
2128 3336 2280 3395 praise
2293 3334 2359 3381 all
2379 3335 2460 3381 the
2476 3335 2662 3383 Welsh.

1551 3421 1642 3467 His
1663 3422 1919 3481 patriotism
1939 3434 2036 3467 was
2057 3421 2266 3467 confined
2287 3426 2336 3466 to
2357 3420 2432 3467 his
2453 3434 2566 3465 own
2586 3421 2660 3465 fa-

1548 3506 1680 3565 mily.
1753 3508 1784 3531 ‘¹
1804 3506 1862 3551 Iu
1893 3506 1988 3551 this
2015 3506 2210 3565 history,
2246 3520 2298 3551 as
2318 3506 2368 3551 in
2389 3518 2420 3551 a
2443 3504 2591 3565 glass,
2629 3519 2664 3550 a

1549 3604 1660 3637 man
1681 3604 1792 3651 may
1809 3590 2048 3651 evidently
2069 3604 2142 3636 see
2158 3591 2240 3636 the
2257 3590 2400 3647 truth,
2420 3590 2542 3645 who,
2561 3591 2660 3635 and

1549 3676 1678 3722 what
1698 3677 1811 3734 they
1831 3688 1966 3733 were,
1991 3676 2098 3721 who
2125 3674 2342 3719 desei-ved
2362 3676 2484 3717 most
2505 3672 2662 3719 honor

1549 3761 1599 3805 in
1627 3760 1724 3806 this
1753 3764 1960 3816 contest;
1995 3758 2201 3803 whether
2233 3758 2312 3803 the
2339 3757 2442 3801 first
2473 3756 2658 3801 adven-

1549 3849 1700 3890 tux-ars
1719 3849 1802 3890 out
1833 3844 1886 3889 of
1904 3843 1984 3889 the
2003 3842 2180 3887 diocese
2209 3841 2263 3885 of
2280 3840 2352 3887 St.
2368 3839 2546 3908 David,
2571 3855 2660 3899 my

1551 3942 1656 3973 own
1677 3928 1857 3975 cousins
1889 3926 1982 3972 and
2004 3926 2232 3981 kinsmen,
2267 3938 2318 3970 or
2346 3924 2460 3983 they
2491 3925 2662 3987 ofithe
