2834 4467
349 208 473 273 352
1124 228 1536 274 caunensis
1569 204 1876 273 evirastis.
2397 228 2558 294 [cn.
2583 231 2675 278 v1.

344 390 512 440 sunt:
557 387 595 415 ‘⁶
612 382 748 440 Non
776 382 1232 458 augurabimini,
1264 402 1371 440 nec
1396 381 1786 440 observabitis
1813 380 2138 438 somnia”.”
2211 380 2534 457 Additque
2563 384 2678 439 Ec·

344 482 729 539 clesiasticus:
774 489 811 514 ‘⁴
829 482 1069 539 Somnia
1092 482 1395 540 extollunt
1429 481 1850 557 imprudentes,
1882 500 2016 536 nam
2041 479 2262 536 multos
2290 499 2494 537 errare
2521 481 2678 538 fece-

342 589 491 639 runt
516 582 754 648 somnia,
800 590 861 639 et
896 581 1250 639 exciderunt
1290 591 1590 657 sperantes
1628 580 1690 637 in
1727 580 1860 636 illis.
1943 576 2074 634 Imo
2111 579 2372 653 ‘captanti
2401 580 2675 648 umbraS,

343 688 707 755 ventumque
732 681 1109 755 persequenti
1134 680 1341 736 similis
1366 688 1457 737 est
1483 679 1588 754 qui
1623 678 1796 753 fidem
1825 677 2006 735 habet
2043 678 2396 745 somniis²⁶;”
2436 686 2514 733 ut
2549 678 2680 751 jam

344 786 621 835 cernatur
638 779 1007 836 cambrensis
1033 779 1194 835 inani
1219 778 1395 855 opera
1416 776 1717 845 desudare,
1747 777 1883 835 cum
1911 776 2270 833 somniorum
2299 777 2560 852 suscipit
2577 798 2680 853 pa—

344 878 675 934 trocinium.
757 878 1014 935 Uberem
1042 898 1109 935 ac
1127 879 1494 936 luculentam
1520 878 1839 935 orationem
1859 878 2062 947 ,fontes
2097 877 2256 934 unde
2291 877 2526 933 somnia
2553 898 2680 933 ma-

343 984 489 1032 nant
528 976 883 1051 aperientem
913 978 971 1035 S.
997 977 1171 1053 Greg.
1204 976 1317 1033 hoc
1342 977 1615 1035 lemmate
1653 976 1894 1034 clausit:
1941 982 1977 1008 “
1998 976 2068 1031 In
2109 976 2346 1033 somniis
2373 976 2680 1033 Diabolus

342 1092 767 1149 nonnunquam
806 1076 955 1133 solet
984 1076 1175 1132 multa
1199 1094 1339 1133 vera
1378 1076 1710 1151 praedicere,
1749 1084 1823 1131 ut
1849 1074 1922 1131 ad
1949 1082 2280 1131 extremum
2307 1076 2509 1133 valeat
2549 1078 2679 1133 ani-

342 1191 497 1230 mam
524 1192 599 1231 ex
626 1175 747 1231 una
774 1175 971 1251 aliqua
998 1156 1255 1233 falsitate
1280 1175 1654 1251 laqueare²⁷.”
1739 1172 1916 1242 Quod
1935 1174 1994 1231 'si
2021 1173 2216 1231 solut&
2245 1175 2514 1233 oratione
2556 1196 2680 1234 non

342 1273 633 1343 flectatur,
665 1274 909 1333 alterius
932 1274 1205 1350 Gregorii
1232 1274 1442 1332 stricta
1469 1274 1802 1332 mulceatur
1829 1273 2148 1331 dicentisae:

917 1429 947 1454 “
962 1428 1035 1473 Ne
1056 1428 1339 1474 somniorum
1361 1427 1530 1475 ludicis
1551 1428 1690 1474 nimis
1712 1428 1852 1474 fidem

958 1509 1300 1569 Accomodfiris,
1327 1517 1496 1558 cuncta
1516 1526 1573 1559 ne
1595 1516 1642 1558 te
1664 1516 1882 1571 terreant,

960 1596 1059 1642 Nec
1080 1596 1189 1642 laeta
1207 1610 1394 1642 rursum
1415 1598 1521 1643 visa
1541 1601 1589 1643 te
1609 1596 1781 1643 tollant
1802 1597 1968 1655 nimis;

959 1681 1171 1741 Laqueos
1192 1682 1454 1741 frequenter
1473 1682 1558 1727 hos
1578 1687 1714 1741 parat
1735 1682 1914 1729 daemon
1938 1680 2068 1729 tibi.”

465 1822 593 1881 Imo
624 1824 841 1882 Seneca
869 1824 1216 1905 Christianae
1244 1826 1380 1883 fidei
1405 1826 1539 1883 luce
1564 1846 1682 1883 non
1712 1826 2002 1901 perfusuS,
2047 1826 2145 1883 sed
2173 1827 2249 1883 ab
2274 1824 2400 1901 ips&
2441 1828 2676 1884 natura

348 1921 605 1988 edoctus,
638 1926 675 1952 “
692 1922 989 1989 somnuS‚”
1010 1922 1110 1990 ait,
1146 1928 1181 1953 “
1198 1922 1393 1979 futuri
1422 1922 1707 1997 pessimus
1734 1921 2048 1979 author²⁹.”
2095 1921 2308 1979 Studia
2335 1922 2512 1991 enim,
2534 1942 2676 1997 quae

348 2020 659 2095 vigilantes
686 2020 1111 2095 persequimur,
1143 2020 1573 2078 dormientibus
1598 2022 2000 2087 obversantur,
2025 2028 2182 2093 ⁴teste
2211 2020 2618 2078 Claudianoffl:

883 2173 912 2199 ⁴‘
932 2171 1103 2220 Omnia
1125 2186 1229 2232 quae
1250 2186 1387 2219 sensu
1408 2171 1664 2219 volvuntur
1686 2174 1798 2217 vota
1816 2170 1982 2216 diurno

930 2257 1121 2303 Pectore
1142 2258 1293 2316 sopito
1314 2257 1470 2303 reddit
1491 2257 1642 2322 amica
1663 2257 1808 2316 quies.

930 2342 1139 2389 Venator
1160 2344 1336 2389 defessa
1358 2348 1456 2388 toro
1479 2344 1586 2388 cum
1602 2342 1815 2389 membra
1837 2341 2025 2399 deponit

934 2426 1071 2473 Mens
1092 2432 1248 2473 tamen
1275 2428 1334 2473 ad
1357 2426 1513 2484 silvas,
1535 2431 1582 2472 et
1603 2440 1688 2471 sua
1711 2424 1860 2471 lustra
1881 2426 2013 2471 redit.

928 2513 959 2559 J
963 2514 1173 2559 udicibus
1194 2512 1310 2570 lites,
1337 2512 1512 2571 aurigae
1535 2511 1714 2557 somnia
1735 2524 1908 2568 currus,

930 2598 1157 2658 Vanaque
1178 2597 1417 2645 nocturnis
1439 2602 1566 2643 meta
1586 2602 1776 2643 canetur
1797 2595 1940 2655 equis.

931 2684 1075 2741 Furto
1095 2685 1269 2744 guadet
1290 2698 1467 2741 amans,
1491 2687 1728 2741 permutat
1749 2682 1914 2727 navita
1933 2694 2106 2727 merces
2125 2698 2137 2737 3

931 2768 995 2813 Et
1016 2768 1135 2827 vigil
1154 2768 1334 2826 elapsas
1356 2768 1524 2827 quaerit
1545 2780 1716 2813 avarus
1738 2780 1861 2825 opes.

932 2852 1207 2912 Blandaque
1226 2852 1428 2912 largitur
1446 2853 1620 2899 frustra
1640 2850 1902 2897 sitientibus
1927 2852 2064 2909 aegris

932 2935 1141 2995 Irriguus
1162 2936 1315 2996 gelido
1336 2936 1502 2995 pocula
1521 2936 1648 2983 fonte
1670 2932 1871 2994 sopor.”.
1959 2990 1964 2995 ¹

468 3068 598 3126 Sibi
624 3068 885 3144 profecto
918 3069 1197 3127 Giraldus
1233 3069 1583 3146 persuadere
1607 3070 1846 3128 videtur
1874 3090 2113 3145 superos
2150 3090 2181 3127 e
2217 3071 2355 3127 caelo
2383 3070 2669 3129 demissos

347 3166 439 3224 illi
460 3165 773 3223 dormienti
789 3167 881 3225 vel
904 3168 1111 3226 futura
1130 3168 1570 3245 praenuntiasse,
1590 3170 1682 3226 vel
1711 3170 2018 3245 praesentia
2037 3167 2346 3226 indicfisSe:
2375 3168 2667 3226 nimirum

348 3284 415 3323 eo
444 3285 504 3323 se
538 3265 663 3322 loco
690 3265 848 3341 apud
877 3266 1069 3323 Deum
1104 3287 1227 3325 esse
1261 3268 1587 3325 ’arbitratus
1625 3276 1732 3337 est,
1763 3288 1882 3342 quo
1907 3269 2090 3338 fuere,
2127 3269 2190 3324 in
2217 3268 2428 3325 Veteri
2455 3268 2665 3326 Testa-

347 3375 563 3432 ment0‚
608 3365 809 3433 Jacob,
853 3366 893 3423 J
898 3364 1132 3441 oseph³¹,
1173 3374 1233 3422 et
1273 3367 1614 3434 Salomon³²;
1657 3366 1719 3422 in
1761 3386 1912 3423 novo
1940 3366 2301 3442 Josephusffi:
2343 3367 2563 3441 quibus
2603 3386 2666 3424 se

350 3463 513 3521 Deus
539 3462 847 3519 visendum
888 3464 1161 3539 praebuit,
1209 3464 1532 3540 futuraque
1575 3462 1830 3540 gratiose
1871 3466 2118 3541 aperuit.
2197 3465 2520 3522 Defaecatos
2556 3464 2664 3523 ho-

347 3562 551 3630 mineS,
582 3571 641 3619 et
668 3561 880 3619 delicto
907 3580 1119 3617 vacuos
1146 3561 1214 3618 ea
1241 3560 1432 3636 grati&
1459 3562 1734 3638 prosequi
1762 3563 1922 3619 Deus
1949 3562 2299 3638 plerumque
2335 3563 2663 3619 consuevit.

350 3659 571 3737 Sopore
597 3666 793 3716 autem
822 3659 943 3715 alto
969 3659 1032 3716 in
1058 3659 1337 3715 mollibus
1376 3659 1642 3717 culcitris
1680 3669 2006 3717 sternentes
2045 3660 2128 3717 sio
2152 3659 2404 3717 invisere
2428 3678 2546 3717 non
2572 3671 2668 3717 est

428 3826 471 3857 2⁶
494 3824 643 3870 Levit.
679 3839 717 3871 c.
744 3826 850 3871 xix.
958 3826 999 3857 ²⁸
1022 3824 1136 3883 Cap.
1161 3822 1341 3869 xxxiv.
1360 3823 1526 3871 Versio
1549 3825 1943 3885 Tuguriibidem.
2051 3826 2091 3857 ²⁷
2117 3824 2216 3871 Lib.
2253 3824 2318 3870 iv.
2343 3824 2468 3870 Dial.
2501 3840 2541 3871 c.
2579 3829 2662 3872 48.

349 3888 393 3921 ²⁸
414 3888 741 3936 Nazianzenus
761 3890 810 3935 in
829 3890 1161 3935 Tetrastrichis.
1246 3890 1287 3921 ²9
1310 3888 1535 3935 Hercules
1555 3890 1723 3936 furens.
1805 3892 1848 3923 ³0
1871 3890 2100 3947 Praefatio,
2125 3890 2204 3935 lib.
2225 3888 2288 3933 iii.
2309 3890 2366 3935 de
2387 3896 2526 3948 raptu
2545 3890 2664 3937 Pro-

350 3952 559 4012 sei-pinse.
624 3955 664 3988 ⁸1
690 3953 895 4012 Genesis,
916 3969 981 4001 cc.
1005 3954 1177 4001 xxviii.
1192 3953 1400 4001 xxxvii.
1484 3956 1524 3987 ⁸²
1559 3956 1587 4000 3
1611 3954 1805 4014 Regum.
1829 3969 1868 4001 c.
1892 3954 1957 4000 iii.
2025 3956 2066 3988 ³³
2089 3954 2226 4001 Matt.
2251 3968 2315 4001 cc.
2339 3954 2371 4000 i.
2394 3954 2444 4000 ii.
