2834 4467
344 185 472 255 368
1122 202 1536 249 causamme
1567 203 1876 251 suasus,
1911 202 1922 243 ῑ
2205 248 2233 258 „
2365 208 2514 275 [cm
2539 168 2669 283 y'n,

340 359 559 435 spicata
598 357 837 415 exordia
872 358 1063 435 operis
1090 342 1366 417 decursui
1390 377 1558 417 omen
1595 359 1922 417 infaustum
1947 360 2298 436 portendere
2323 360 2667 421 videantur.

338 457 426 513 Eo
464 456 618 514 enim
654 456 896 513 consilio
924 457 1388 533 Topographiam
1430 476 1490 515 se
1531 476 1870 533 aggressum
1906 478 2028 517 esse
2067 461 2308 529 fatetur,
2358 466 2396 493 “
2413 469 2486 518 ut
2523 472 2668 538 post

337 555 539 619 vitam,
570 555 633 613 in
659 556 964 614 hominurn
990 556 1271 617 memoria
1297 557 1607 626 viveret¹,”
1643 557 1913 617 versibus
1947 558 2040 616 his
2073 545 2232 618 inter
2257 568 2495 618 caeteros
2522 580 2666 638 pro-

276 660 279 665 '
339 654 561 713 ductis:
1605 649 1612 657 ³
1875 638 1880 643 ι

836 750 868 775 “
887 749 980 797 Ore
1000 749 1131 809 legar
1150 749 1322 809 populi,
1347 764 1517 809 perque
1537 750 1695 797 omnia
1715 750 1887 798 saecula
1905 750 2046 810 fama,

891 831 943 880 Si
964 833 1076 893 quid
1097 832 1269 880 habent
1290 833 1388 879 veri
1412 838 1575 880 vatum
1596 834 1836 894 praesagia,
1862 834 2070 882 vivam.’'

338 977 599 1052 Eamque
641 973 1013 1051 potissimum
1056 974 1241 1033 fuisse
1273 994 1507 1033 causam
1545 976 1658 1033 ait:
1707 982 1744 1008 ‘⁶
1763 995 1873 1035 cur
1911 977 2093 1035 tantis
2132 978 2660 1043 lucubrationibus

334 1074 751 1134 elaborandum
794 1074 907 1131 sibi
946 1094 1094 1150 opus
1130 1072 1496 1151 arripuerit?
1537 1084 1611 1132 ut
1646 1074 1930 1133 invidiam
1969 1075 2032 1133 in
2059 1076 2201 1145 vita,
2236 1077 2484 1154 gloriam
2520 1090 2660 1155 post

192 1181 311 1247 [48]
334 1177 453 1233 fata
478 1176 893 1252 compararet.”
950 1174 1121 1243 Quod
1140 1183 1213 1231 ut
1237 1172 1247 1252 Ι
1279 1174 1679 1233 indubitatius
1699 1174 1869 1245 foret,
1891 1176 2031 1233 alibi
2059 1175 2274 1251 adjecit
2294 1176 2418 1235 haec
2437 1179 2654 1236 verba:

335 1281 374 1309 “
397 1276 550 1344 Quia
574 1284 992 1343 momentanea,
1032 1282 1093 1332 et
1119 1272 1284 1331 fluxa
1309 1280 1399 1332 est
1426 1292 1676 1350 praesens
1702 1273 1826 1331 haec
1851 1275 1991 1343 vita,
2018 1275 2194 1349 juvat
2221 1275 2429 1333 saltem
2455 1277 2522 1333 in
2555 1278 2656 1334 fu-

332 1374 473 1433 tura
501 1373 780 1431 memoria
806 1373 1021 1441 vivere,
1052 1381 1112 1429 et
1140 1372 1441 1449 perpetuis
1468 1372 1631 1428 famae
1661 1371 1857 1429 titulis
1886 1371 2076 1429 laudis
2101 1371 2326 1445 honore
2348 1373 2653 1431 celebrari.

332 1472 625 1547 AEgregiae
664 1490 915 1549 namque
956 1470 1171 1527 mentis
1211 1469 1498 1526 indicium
1540 1478 1630 1527 est
1669 1468 1742 1525 ad
1777 1469 1929 1526 illud
1955 1470 2298 1527 enitendum
2333 1471 2653 1541 elaborare,

332 1588 451 1646 quo
485 1570 597 1627 sibi
632 1568 912 1627 invidiam
940 1567 1001 1624 in
1028 1567 1171 1636 vita,
1215 1567 1460 1643 gloriam
1489 1574 1621 1643 post
1647 1568 1766 1624 fata
1793 1554 2275 1643 comparaverit„
2358 1570 2656 1633 Praeterea

332 1669 645 1737 ominatur,
671 1674 707 1700 “
728 1687 788 1725 se
806 1666 1121 1723 humanam
1149 1686 1255 1742 per
1270 1666 1554 1744 opuscula
1571 1686 1676 1723 sua
1691 1667 1940 1743 gratiam
1967 1669 2458 1725 assecuturum².”
2514 1670 2574 1727 N
2577 1689 2655 1726 on

330 1768 466 1825 vult
494 1768 648 1825 enim
676 1776 751 1823 ut
790 1766 931 1823 laus·
951 1784 1057 1835 sua
1089 1765 1322 1823 silentio
1350 1765 1668 1823 delitescat.
1752 1764 1884 1822 Hac
1911 1765 2204 1823 cantilena
2241 1767 2480 1843 scriptis
2520 1786 2655 1845 pas-

331 1848 440 1923 sim
468 1864 700 1941 aspersa
736 1866 1027 1922 crambem
1056 1864 1354 1938 recoquit3
1402 1882 1520 1921 non
1558 1882 1722 1921 secus
1763 1883 1828 1920 ac
1869 1864 1918 1920 si
1959 1882 2157 1921 omnes
2184 1853 2408 1940 ingenii
2435 1884 2652 1924 nervos

329 1964 680 2031 intenderet,
719 1972 792 2020 ut
834 1962 1108 2021 lectorem
1137 1981 1257 2019 non
1284 1962 1496 2020 lateret
1523 1961 1752 2019 ardenti
1781 1981 1840 2019 se
1865 1962 2040 2019 fluxae
2077 1962 2427 2037 caducaeque
2452 1962 2652 2023 laudis

328 2063 610 2120 aviditate
636 2061 901 2138 flagrare,
932 2080 1108 2137 quam
1128 2080 1161 2119 e
1186 2080 1251 2119 re
1280 2061 1419 2119 nata
1443 2080 1669 2137 semper
1689 2071 1916 2137 captat3
1944 2062 2505 2120 commendationem
2532 2064 2653 2122 sibi

328 2181 488 2219 nunc
534 2164 609 2221 ab
645 2160 973 2230 industria,-
998 2180 1158 2219 nunc
1194 2162 1268 2218 ab
1305 2160 1660 2235 eloquentia,
1701 2161 2027 2219 universim
2055 2160 2309 2237 denique
2345 2182 2380 2219 a
2405 2163 2650 2240 scriptis

326 2261 708 2319 emendicans.
795 2266 831 2292 ‘⁴
849 2259 1135 2321 Acuenda
1162 2260 1365 2328 sunt,”
1392 2254 1608 2334 induit,
1644 2264 1678 2291 “
1697 2278 1856 2316 arma
1884 2259 2186 2327 facundiae,
2218 2268 2290 2317 ut
2317 2260 2649 2319 exilitatem

325 2361 581 2418 materiae
598 2360 835 2436 gravior
855 2358 1028 2416 stilus
1050 2358 1301 2426 attollat,
1321 2367 1382 2439 et
1401 2358 1553 2414 ferat
1580 2357 1850 2415 invalidae
1867 2358 2054 2415 robur
2073 2357 2346 2415 facundia
2373 2362 2649 2417 causae³.”

328 2461 509 2529 Quasi
524 2460 771 2535 ‘copiosa
806 2458 1152 2533 eloquentiae
1190 2456 1594 2533 suppellectile
1629 2456 1961 2513 instructus
1999 2466 2326 2531 susceptam
2353 2459 2648 2515 narratio-

324 2579 457 2617 nem
480 2542 763 2617 faoundiae
790 2557 1105 2634 pigmentis
1133 2554 1572 2634 praeclarissime
1602 2555 1924 2614 adornaret.

434 2658 550 2717 Sed
578 2667 649 2715 ut
665 2658 738 2715 de
765 2656 995 2715 dicendi
1021 2675 1231 2731 genere
1258 2655 1348 2711 illi
1374 2655 1663 2713 familiare
1683 2654 1827 2731 quid
1854 2656 2178 2712 universim
2206 2656 2451 2713 sentiam
2472 2656 2646 2715 edix-

324 2775 438 2815 er0.
521 2756 669 2829 Ejus
697 2756 882 2812 oratio
910 2754 1099 2822 exiliS,
1130 2753 1307 2821 arida,
1353 2753 1603 2823 minuta,
1635 2752 1947 2827 aliquando
1973 2752 2190 2820 inflata,
2222 2762 2503 2828 tanquam
2542 2763 2644 2811 tu·

322 2854 500 2913 mulis
527 2854 875 2931 plerumque
902 2846 1110 2921 tumet,
1142 2872 1281 2909 mox
1308 2852 1370 2907 in
1398 2851 1742 2908 humiliores
1769 2851 1949 2921 valles
1977 2851 2257 2920 subsidet,
2293 2870 2399 2909 nec
2425 2855 2648 2929 aequali

322 2954 515 3011 fertur
542 2953 788 3020 incessu,
832 2949 930 3009 sed
963 2951 1264 3009 saltuatim
1291 2941 1568 3026 gradieris
1596 2950 1830 3007 lectoris
1857 2968 2028 3006 aures
2055 2950 2312 3025 strepitu
2335 2952 2646 3011 obtundit.

324 3032 475 3113 S'ane
511 3050 759 3108 bullatis
786 3050 876 3106 illi
902 3049 1078 3125 nugis
1106 3047 1317 3125 pagina
1345 3048 1650 3123 turgescit,
1693 3066 1917 3124 semper
1944 3066 2236 3123 creperuS,
2267 3066 2495 3125 semper
2521 3045 2644 3107 cla-

320 3171 534 3220 mosuS,
578 3159 638 3209 et
664 3151 1065 3225 obstreperus:
1110 3147 1209 3205 sed
1235 3147 1427 3203 inanis
1455 3147 1556 3204 ille
1588 3146 1872 3223 strepitus
1899 3146 1961 3202 in
1991 3154 2195 3203 ventos
2222 3146 2364 3214 abit,
2409 3146 2642 3205 labitur

320 3250 382 3307 in
412 3268 597 3317 aures,
626 3268 744 3305 non
772 3247 1043 3304 illabitur
1082 3246 1148 3302 in
1174 3246 1410 3302 animos·
1492 3244 1680 3302 Novis
1706 3244 1948 3302 vocibus
1988 3243 2352 3322 excogitatis,
2383 3251 2443 3301 et
2470 3244 2638 3301 locu-

320 3347 583 3406 tionibus
624 3344 961 3414 efformatis,
998 3343 1264 3419 gratiam,
1307 3362 1484 3418 quam
1519 3340 1855 3400 inventione
1891 3341 2143 3399 auctiori
2179 3341 2452 3418 colligere
2478 3342 2636 3400 nite-

318 3449 514 3513 batur,
559 3446 883 3503 dictionum
922 3443 1183 3501 novitate
1223 3440 1499 3518 perdidit.
1583 3440 1670 3498 Ut
1696 3438 1844 3501 falso
1887 3439 2266 3497 divinaverit:
2313 3446 2350 3472 ‘⁶
2367 3440 2635 3498 Praesens

696 3606 711 3638 ¹
732 3601 869 3649 Praef.
888 3600 919 3649 i.
938 3602 1113 3662 Topog.
1178 3604 1200 3635 ²
1218 3599 1436 3648 Praefatio
1452 3599 1513 3647 2⁸?
1543 3596 1771 3645 editionis.
1837 3599 1859 3629 ³
1875 3596 2011 3643 Praef.
2036 3596 2068 3643 i.
2091 3596 2264 3657 Topog.

384 3748 406 3781 b
429 3750 528 3797 The
560 3748 755 3795 seventh
783 3746 972 3805 chapter
992 3745 1044 3791 of
1072 3743 1267 3791 White's
1289 3743 1422 3802 Apo·
1521 3741 1634 3787 dum
1666 3739 1808 3787 fuisse
1842 3740 2100 3798 incitatum,
2139 3739 2330 3787 laudare
2361 3753 2412 3787 se
2438 3739 2630 3800 saepius,

318 3835 443 3893 loyia
476 3834 518 3879 is
550 3831 741 3879 entitled
773 3832 801 3857 “
817 3830 1070 3878 (lambrum
1092 3828 1261 3875 diserte
1285 3828 1341 3873 de
1373 3840 1423 3873 sc
1520 3826 1701 3873 laudari
1715 3827 1776 3873 ab
1789 3825 1894 3873 aliis
1909 3840 1960 3873 se
1975 3840 2152 3887 rogare.
2195 3826 2476 3886 Panegyrim
2492 3829 2632 3875 evul-

316 3915 464 3974 sam-ri,
490 3915 643 3961 studio
670 3913 905 3974 popularis
924 3926 1049 3959 aurae
1070 3925 1118 3957 se
1140 3911 1201 3957 ad
1221 3910 1419 3957 scriben—
1520 3910 1656 3972 gaesa
1675 3912 1726 3957 in
1749 3911 1935 3959 laudem
1957 3925 2053 3958 suae
2067 3912 2299 3970 familiae,”
2321 3913 2398 3959 &c-
2423 3912 2504 3960 &c-
