2834 4467
370 226 448 287 18
1105 244 1416 288 mus-rom
1466 242 1927 289 nummi-osu.

362 396 580 454 fuitfle·
659 396 954 452 Israelitae'
987 397 1198 477 pavidi
1247 397 1556 455 dixerunt:
1604 404 1639 430 “
1662 393 1755 454 Tu
1801 416 1958 455 unus
2005 416 2111 472 pro
2158 396 2353 455 decem
2402 397 2671 454 millibus

363 494 819 569 computaris⁴⁵‚’'
849 496 968 568 qui,
1001 503 1060 551 et
1087 495 1161 551 ob
1189 514 1374 552 unum
1407 495 1751 553 Goliathum
1779 512 2009 565 caesum,
2040 496 2235 553 decem
2262 496 2449 553 millia
2483 496 2670 552 truci·

359 593 526 651 desse
551 592 745 649 dictus
771 602 876 649 est.
955 594 1232 651 AEmilius
1260 594 1492 651 Probus
1530 614 1717 651 unum
1760 594 2217 670 Epaminondam
2258 594 2451 669 pluris
2493 612 2671 668 quam

361 692 660 749 civitatem
689 692 1024 748 Thebanam
1051 692 1231 765 fuisse
1259 694 1483 750 scribi-t.
1554 694 1633 750 Et
1660 694 1999 769 Antigonus
2025 710 2213 749 unum
2242 693 2537 750 Zenonem
2562 711 2671 768 pro

361 798 596 849 centum
623 782 886 848 millibus
913 790 1184 849 habuitss.
1268 792 1561 850 Praeterea
1588 792 1855 868 gentium
1884 792 2179 858 instituta,
2210 792 2487 858 humana,
2518 791 2671 847 divi·

360 909 548 965 naque
567 890 708 965 jura
733 910 958 965 semper
987 890 1256 947 tulerunt
1283 901 1356 948 ut
1391 892 1553 947 noxii
1584 892 1765 967 Reges
1806 890 2108 947 hominum
2140 889 2383 964 judiciis
2425 889 2673 945 obnoxii

360 1008 476 1044 non
504 998 710 1046 essent.
793 988 1042 1064 Nempe:

913 1132 944 1155 “
963 1108 1183 1189 Regum⁴⁷
1207 1129 1516 1176 timendorum
1539 1130 1585 1175 in
1609 1130 1814 1189 proprios
1835 1144 2010 1189 greges,

966 1216 1116 1275 Reges
1136 1214 1186 1262 in
1206 1216 1330 1275 ipsos
1349 1215 1591 1274 imperium
1614 1220 1684 1261 est
1704 1212 1885 1261 hvis-’²

479 1338 796 1415 Augustus
821 1337 1098 1414 primum,
1129 1338 1340 1397 deinde
1357 1338 1770 1413 Vespasianus
1802 1337 2032 1412 accepts
2063 1337 2278 1393 s'ummi
2304 1336 2542 1411 imperii
2569 1356 2669 1411 po-

357 1443 584 1506 testate,
615 1436 848 1511 legibus
865 1444 1006 1494 sunt
1025 1457 1060 1494 a
1079 1436 1302 1495 Senatu
1322 1436 1531 1494 soluti:
1554 1444 1615 1493 et
1636 1435 1988 1493 Aristoteles
2008 1454 2104 1492 eos
2120 1454 2241 1492 esse
2263 1435 2451 1509 Reges
2470 1446 2667 1511 negat,

357 1534 462 1610 qui
487 1536 718 1613 legibus
744 1536 1220 1613 obstringuntur.
1303 1535 1495 1593 David
1516 1536 1709 1593 Deum
1735 1533 2086 1611 compellans
2113 1533 2295 1590 dixit:
2343 1540 2380 1566 ‘⁶
2398 1534 2540 1591 Tibi
2561 1534 2669 1590 soli

357 1634 651 1708 peccavi,”
695 1634 981 1692 nimirum
1011 1635 1186 1691 “Rex
1223 1634 1391 1709 erat’{
1419 1632 1628 1709 (verba
1668 1641 1809 1690 sunt
1838 1632 1897 1691 S.
1926 1629 2301 1709 Hieronymi)
2344 1637 2454 1689 “et
2480 1632 2666 1689 alium

198 1726 332 1792 [Vst]
360 1749 477 1788 non
506 1731 823 1800 timebat;’'
863 1728 874 1809 Ι
904 1732 1042 1807 quia
1061 1741 1134 1789 ut
1151 1732 1235 1789 ait
1256 1732 1314 1789 S.
1337 1730 1709 1799 Ambrosiu8‚
1738 1730 1964 1787 “liberi
1984 1737 2125 1787 sunt
2152 1730 2337 1804 Reges
2358 1748 2391 1784 a
2408 1729 2668 1785 vinculis

357 1830 724 1898 delictorum,
754 1850 944 1906 neque
969 1832 1108 1889 ullis
1133 1832 1204 1889 ad
1232 1847 1461 1908 poenam
1478 1840 1765 1888 vocantur
1790 1830 2039 1907 legibuS,
2063 1829 2187 1885 tuti
2210 1828 2445 1904 imperii
2472 1838 2640 1905 potes
2648 1862 2673 1891 ·‚

358 1930 538 1987 tate.”
619 1927 864 1985 Homini
893 1946 1032 2003 ergo
1061 1928 1252 1987 David
1275 1947 1394 1986 non
1422 1927 1701 2004 peccavit,
1730 1928 1830 1984 cui
1857 1945 1973 1985 non
2002 1928 2313 1983 tenebatur
2350 1926 2667 1983 obnoxius·

356 2026 415 2085 N
417 2046 481 2085 ec
507 2027 662 2084 enim
690 2027 874 2101 Reges
902 2026 1004 2103 (ut
1030 2028 1146 2083 fert
1184 2025 1595 2103 proverbium)
1637 2046 1847 2085 manus
1886 2026 2000 2084 sibi
2037 2026 2243 2101 ligant.

455 2123 776 2181 Hibernica
793 2122 1058 2191 Comitia,
1079 2122 1209 2181 istis
1229 2124 1305 2180 ob
1321 2114 1519 2181 oculos
1538 2124 1765 2199 positiS,
1778 2123 1843 2181 in
1861 2123 2039 2180 verba
2058 2123 2153 2179 sui
2170 2122 2345 2199 Regis
2361 2122 2456 2179 tui
2478 2124 2675 2199 patris·

359 2220 526 2280 ultro
561 2220 868 2296 jurarunt,
910 2230 972 2279 et
997 2240 1116 2279 non
1142 2222 1214 2279 ad
1240 2241 1374 2280 eum
1401 2222 1879 2299 proculcandum‚
1909 2229 1981 2279 ut
2009 2221 2278 2297 Anglies„
2310 2219 2407 2277 sed
2436 2221 2511 2277 ad
2552 2222 2668 2279 eri-

359 2318 632 2395 gendum,
682 2338 842 2377 arma
887 2326 1282 2395 sumpserunt.
1363 2320 1507 2378 Haec
1543 2332 1737 2379 tamen
1763 2320 2117 2395 importunis
2142 2318 2669 2395 efflagitationibus

359 2418 722 2493 majestatem
759 2427 923 2476 tuam
964 2419 1264 2495 impellere
1301 2420 1585 2478 videntur
1618 2428 1693 2476 ut
1732 2439 1837 2477 sua
1876 2418 2121 2497 perfidia
2156 2418 2413 2505 prsemiQ
2462 2428 2673 2483 nostra

359 2516 502 2575 fides
527 2515 695 2593 poena
723 2514 910 2590 (quod
937 2517 1270 2575 inauditum
1292 2517 1623 2593 paradoxon
1652 2516 1769 2593 est)
1796 2516 2099 2587 afficiatur,
2130 2527 2191 2577 et
2218 2526 2289 2574 ut
2317 2525 2421 2574 tua

900 2636 931 2661 ‘⁶
956 2635 1048 2681 Det
1069 2635 1253 2683 veniam
1275 2637 1441 2693 corvis,
1464 2641 1608 2683 vexet
1628 2650 1819 2683 censura
1839 2635 2119 2683 columbas.”

361 2737 660 2795 Nimirum
706 2743 742 2769 “
758 2735 1042 2793 familiare
1079 2736 1418 2795 hominibus
1458 2749 1549 2795 est
1586 2740 1781 2797 omnia
1818 2739 1935 2797 sibi
1972 2739 2287 2815 ignoscere,
2334 2739 2489 2797 nihil
2530 2740 2671 2798 aliis

456 2922 496 2951 ⁴⁴
513 2921 590 2967 Ad
611 2920 757 2968 Attio.
782 2920 863 2968 lib.
887 2921 934 2967 ii.
961 2921 1046 2980 Ep.
1069 2923 1111 2967 6.
1181 2922 1221 2950 ⁴⁴¹⁵
1240 2924 1263 2969 1
1292 2922 1406 2982 Reg.
1432 2938 1471 2969 c.
1496 2923 1630 2970 xviii.
1696 2921 1739 2953 ⁴⁶
1754 2924 1885 2973 Plut.
1952 2925 1992 2959 ⁴⁷
2008 2920 2173 2972 Horat.
2199 2924 2278 2973 lib.
2302 2925 2367 2973 iii.
2392 2925 2483 2973 011.
2506 2926 2541 2972 i.

423 3097 446 3121 ⁰
469 3090 583 3138 This
615 3092 820 3139 doctrine
858 3105 955 3137 was
989 3096 1070 3138 not
1104 3091 1344 3153 generally
1377 3094 1460 3139 ad-

359 3174 524 3221 mitted
541 3176 604 3237 by
620 3176 699 3222 the
713 3176 892 3221 divinos
907 3175 961 3222 of
971 3176 1050 3221 the
1063 3174 1277 3223 Catholic
1293 3176 1458 3223 Confe-

359 3258 580 3305 deration.
649 3260 748 3305 The
784 3259 914 3306 work
957 3258 1150 3305 entitled
1187 3261 1217 3286 “
1236 3260 1461 3319 DIsputa-

359 3342 748 3402 tio“Apoiogetica
775 3343 833 3388 de
860 3343 892 3389 J
895 3356 974 3388 ure
1002 3342 1154 3402 Regni
1183 3342 1462 3402 Hiberuiae,”

357 3427 604 3487 pubiished
629 3428 770 3485 1645,
792 3428 926 3487 gives
947 3441 977 3475 a
996 3442 1114 3487 very
1127 3428 1340 3477 different
1359 3431 1453 3489 opi-

358 3514 470 3560 nion
491 3530 502 3560 z
557 3514 588 3540 “
611 3511 831 3572 Suppouo
885 3511 966 3561 2⁶⁰
1006 3518 1230 3575 tanquam
1283 3521 1461 3565 certum

358 3595 478 3644 inter
503 3597 742 3651 ,Doctores
792 3596 1068 3656 catholicos,
1119 3603 1167 3645 et
1219 3614 1461 3653 commune

357 3679 674 3741 theologorum
718 3682 920 3741 axioma,
957 3682 1139 3753 nullum
1175 3683 1349 3743 Regem
1383 3686 1460 3732 vel

358 3761 653 3816 monarcham
675 3771 843 3817 habere
864 3771 941 3818 vel
961 3770 1175 3818 habuisse
1195 3772 1460 3821 immediate

359 3868 388 3899 a
409 3838 523 3913 Deo,
544 3854 621 3901 vel
636 3869 700 3901 ex
716 3855 878 3906 divina
897 3856 1199 3917 institutione,
1219 3857 1459 3917 politicum

358 3937 679 3997 principatum,
705 3940 786 3987 sed
807 3940 1038 3987 mediante
1059 3942 1266 3991 humana
1287 3942 1455 3989 volun-

358 4024 454 4067 tate
475 4024 523 4068 et
543 4021 845 4081 institutione,
869 4023 1097 4083 loquendo
1119 4025 1175 4070 de
1196 4023 1298 4084 lege
1329 4026 1456 4071 ordi·-

1561 3091 1705 3141 narifi.
1775 3096 1849 3142 Ita
1897 3098 1909 3121 ‘
1934 3096 2105 3143 Sum-ez
2149 3096 2199 3141 in
2236 3096 2495 3142 defensione
2531 3096 2665 3144 Fidei

1560 3177 1840 3238 cathoncae,’
1862 3179 1943 3226 nb.
1965 3178 2030 3226 iii.
2064 3195 2103 3226 ο.
2138 3182 2182 3237 2,
2220 3179 2299 3226 ubi
2321 3180 2435 3227 citat
2462 3181 2581 3240 jara
2616 3164 2668 3229 εί

1559 3261 1765 3309 doctores
1796 3277 1910 3323 quos
1939 3265 2183 3311 brevitatis
2208 3259 2347 3311 causi
2384 3264 2667 3313 omitto.”--

1560 3358 1605 3404 p.
1632 3349 1708 3394 es.
1774 3348 1943 3408 Λεὼ,
1968 3342 2669 3409 p.71:“1⁴2mtenimdontra

1559 3435 1719 3484 lumen
1738 3439 1949 3487 nami-ale
1984 3454 2199 3501 curere,
2234 3454 2331 3489 non
2364 3454 2501 3500 posse
2536 3434 2667 3489 ienu-

1560 3521 1795 3579 publicam
1816 3518 1997 3571 mutare
2008 3524 2262 3585 principem
2280 3537 2420 3583 quem
2440 3525 2671 3573 adsuam

1560 3605 1952 3653 conservationem
1994 3607 2149 3670 elegit,
2197 3609 2381 3669 quando
2424 3608 2526 3667 ipse
2568 3623 2672 3662 uon

1558 3694 1799 3735 conservat
1807 3690 1887 3735 sed
1895 3691 2089 3737 destruit
2102 3692 2252 3750 ipsam
2260 3691 2669 3750 Rempublicaml’

1560 3772 1773 3821 Saurez’s
1792 3775 1979 3833 opinion
2000 3776 2041 3823 is
2054 3776 2348 3834 transmibed,
2367 3788 2414 3835 p.
2437 3778 2497 3823 72
2518 3794 2531 3823 =
2560 3779 2591 3804 “
2612 3778 2667 3825 si

1559 3857 1664 3905 Rex
1687 3857 1924 3917 legitimus
1945 3862 2187 3920 tyrannice
2207 3862 2436 3921 gubernet
2448 3866 2497 3909 et
2517 3876 2667 3923 regno

1556 3942 1738 3989 nullum
1758 3943 1887 3993 aliud
1912 3946 2060 3993 subsit
2080 3947 2281 4017 medium
2318 3948 2379 3995 ad
2416 3962 2468 3995 se
2498 3949 2665 3997 defen-

1555 4029 1771 4088 dendum,
1811 4030 1901 4077 nisi
1942 4031 2117 4091 Regem
2159 4032 2389 4092 expellere
2432 4040 2481 4081 et
2518 4036 2669 4107 depo7
