2834 4467
331 182 482 273 214'
1103 228 1514 274 cannensem
1545 230 1852 275 Evsnsus.
2371 194 2521 301 [cir.
2547 238 2642 287 111.

331 400 431 439 seu
478 398 680 439 eorum
707 382 961 457 aliquem
990 382 1308 457 acquisitis,
1342 382 1717 452 ratificamus,
1759 384 2212 461 quibuscunque
2251 388 2494 445 statutis
2531 398 2642 445 aut

332 478 798 537 ordinationibus
824 479 888 540 in
914 479 1278 536 contrarium
1304 488 1442 537 ante
1466 480 1589 538 haec
1617 489 1880 557 tempora
1908 481 2078 539 factis
2104 502 2222 541 non
2247 485 2642 543 obstantibus.

333 576 404 633 In
432 578 605 652 cujus
624 577 711 635 rei
736 578 1140 635 testimonium
1166 576 1269 635 has
1288 578 1490 635 literas
1508 588 1735 636 nostras
1761 580 1891 638 fieri
1915 580 2160 639 fecimus
2186 590 2469 659 patentes,
2489 592 2644 641 teste
2699 645 2704 651 ,

331 675 575 751 praefato
597 677 897 752 Deputato
924 673 1081 751 apud
1102 676 1413 753 Caterlsgh
1436 674 1511 740 27
1529 677 1624 735 die
1650 678 1880 753 Aprilis
1901 697 2054 736 anno
2077 679 2265 756 Regni
2283 681 2474 737 nostri
2491 680 2642 739 duo-

332 776 691 835 duodecinm.
792 776 1030 835 Sutton.
1121 776 1247 834 Per
1269 776 1614 852 petitionem
1645 796 1752 853 per
1788 777 1986 854 ipsum
2021 780 2389 854 Deputatum
2422 779 2486 836 in
2524 780 2644 838 Do‘?
2676 787 2682 791 '

331 883 392 933 et
432 876 665 951 privato
709 893 817 933 suo
864 875 1059 950 sigillo
1100 875 1525 951 consignatum,
1569 884 1632 933 et
1672 895 1782 951 pro
1817 876 2034 952 viginti
2077 876 2276 936 solidis
2322 877 2535 937 solutis
2575 880 2640 937 in

328 970 683 1047 hamperi0.”

450 1070 517 1129 Si
543 1070 613 1128 ad
644 1071 979 1147 Anglorum
1007 1070 1329 1129 tribunalia
1356 1069 1429 1129 de
1455 1071 1638 1129 illatis
1672 1072 1787 1129 sibi
1825 1073 2066 1148 injuriis
2093 1075 2356 1149 querelas
2383 1074 2641 1133 Hiber-ni

330 1168 608 1239 deferent,
639 1188 755 1226 non
794 1167 1193 1245 impetrarunt
1217 1176 1293 1226 ut
1332 1169 1692 1227 sarcirentur
1726 1170 1809 1244 inj
1817 1170 1978 1240 uriae,
2011 1172 2128 1229 nisi
2167 1172 2388 1229 tabulis
2421 1172 2640 1231 immu-

329 1267 535 1324 nitatis
563 1284 681 1324 suae
707 1264 1069 1343 productisw,
1092 1274 1198 1323 aut
1223 1266 1454 1342 generis
1474 1266 1568 1324 sui
1593 1266 1820 1343 origine
1845 1286 1920 1325 ex
1947 1268 2148 1346 aliquo
2166 1269 2428 1344 quinque
2455 1270 2639 1347 supra

326 1375 783 1425 memoratorum
808 1365 1080 1422 tribuum
1106 1364 1388 1433 deduct03
1416 1384 1546 1441 qnae
1566 1364 1616 1421 si
1635 1384 1770 1423 eum
1796 1366 2063 1441 praesidia
2086 1366 2447 1437 defecissent,
2469 1368 2639 1427 litem

329 1464 495 1523 ultra
536 1465 811 1541 prosequi
849 1463 1186 1539 prohibitus
1224 1463 1399 1521 causa
1437 1464 1710 1540 protinus
1743 1465 1980 1523 cecidit:
2023 1484 2197 1541 quam
2224 1485 2348 1524 rem
2375 1468 2640 1541 probatis

328 1563 549 1621 affatim
567 1563 849 1639 exemplis
872 1563 1146 1620 Davisius
1160 1561 1353 1621 valide
1374 1564 1769 1622 corroborata.
1831 1566 2024 1621 Ita‘ut
2048 1564 2244 1623 multo
2267 1566 2434 1641 pejor
2453 1567 2642 1624 fuerit

332 1662 752 1730 Hibernorum,
796 1661 859 1717 in
901 1679 1007 1717 suo
1047 1660 1230 1717 natali
1268 1661 1390 1717 solo
1430 1660 1703 1729 conditi0‚
1735 1660 1913 1736 quam
1953 1661 2218 1735 cujusvis
2257 1660 2490 1719 advenae
2519 1665 2640 1721 huc

330 1760 723 1835 undecunque
761 1760 1027 1836 profecti,
1066 1759 1165 1817 cui
1186 1759 1263 1821 ,de
1292 1767 1529 1835 accepto
1556 1758 1766 1817 damno
1790 1760 2174 1836 conquerenti
2198 1760 2422 1836 ubique
2447 1768 2638 1819 terra-

330 1876 465 1917 rum
493 1859 689 1917 aditus
716 1859 788 1916 ad
809 1857 1108 1934 justitiam
1136 1857 1351 1934 patuit.
1589 1868 1598 1873 “

450 1958 659 2034 Itaque
685 1957 961 2034 puriputi
998 1956 1254 2014 Hiberni
1293 1972 1411 2014 non
1437 1956 1504 2014 in
1529 1938 1885 2016 advenarum
1913 1958 2168 2025 tantum,
2197 1957 2298 2016 sed
2324 1966 2388 2016 et
2412 1958 2476 2016 in
2504 1958 2642 2017 hos·

329 2056 483 2135 tium
503 2074 817 2113 numerum
832 2056 906 2113 ab
926 2052 1140 2131 Anglis
1160 2055 1333 2113 relati
1350 2056 1550 2113 sunt⁶².
1593 2056 1754 2113 Hinc
1772 2056 1920 2113 meri
1942 2056 2196 2123 Hiberni
2215 2064 2418 2114 contra
2437 2076 2640 2134 regem

328 2174 488 2211 arma
526 2154 834 2238 capientes,
882 2160 919 2187 “
939 2153 1261 2222 hostium‚'’
1305 2152 1548 2229 Anglici
1581 2152 1724 2211 vero
1762 2154 1915 2212 idem
1963 2154 2149 2212 facere
2187 2155 2445 2230 aggressi
2487 2162 2526 2189 ‘⁶
2546 2176 2640 2215 re-

324 2254 620 2311 bellium”
648 2253 881 2311 nomine
906 2251 1099 2309 affecti
1126 2260 1283 2309 sunt.
1350 2251 1726 2310 Vetabantur
1745 2252 2026 2309 nimirum
2045 2252 2231 2328 Angli
2248 2253 2466 2329 legum,
2499 2274 2640 2313 con-

328 2352 665 2420 nubiorum,
692 2356 798 2409 aut
817 2338 1145 2407 commercii
1172 2348 1448 2407 societate
1473 2368 1610 2407 cum
1627 2349 1909 2408 Hibernis
1928 2350 2121 2425 jungi.
2205 2350 2335 2407 Imo
2375 2357 2414 2384 “
2428 2370 2640 2427 graves

326 2448 445 2507 illis
469 2469 665 2525 poenae
700 2448 936 2506 indictae
964 2448 1162 2516 sunt⁵³‚
1194 2446 1245 2504 si
1271 2446 1364 2505 vel
1390 2447 1606 2505 liberos
1632 2466 1767 2505 suos
1795 2447 2172 2505 enutriendos
2199 2450 2501 2507 traderent
2530 2462 2638 2509 aut

328 2546 837 2621 compaternitates
879 2549 980 2621 (ut
1006 2542 1189 2621 vulgo
1217 2542 1468 2615 dicitur)
1506 2564 1642 2603 cum
1675 2544 1766 2612 iis,
1809 2553 1916 2602 aut
1941 2546 2236 2603 mercandi
2259 2548 2640 2606 consuetudi·

328 2662 460 2701 nem
496 2643 734 2712 inirent,
772 2651 878 2701 aut
904 2642 1133 2700 aditum
1159 2641 1251 2699 his
1267 2641 1361 2727 ‘ad
1400 2661 1507 2699 sua
1532 2643 1658 2700 fora
1697 2652 1757 2701 et
1793 2642 2084 2705 nundinas
2119 2644 2473 2720 aperirent.”
2555 2648 2640 2705 Et

522 2782 563 2813 ⁶⁰
582 2780 744 2837 Dav-is,
770 2794 815 2839 p.
835 2782 914 2826 84.
980 2782 1017 2814 ⁵1
1044 2780 1179 2836 Ibid.‚
1206 2793 1282 2839 pp.
1310 2781 1387 2837 84,
1414 2781 1492 2838 86,
1520 2781 1597 2827 88.
1664 2779 1865 2838 ⁶2.1bid.,
1891 2794 1966 2840 pp.
1993 2782 2068 2838 89,
2097 2781 2176 2829 92.
2252 2784 2292 2817 ⁵³
2317 2782 2434 2829 Ibid.

394 2904 415 2929 ⁸
436 2898 505 2945 To
535 2896 817 2945 understand
846 2908 932 2943 our
952 2896 1155 2943 anthor's
1186 2896 1431 2957 reasoning

328 2999 387 3031 on
410 2983 505 3030 this
527 2982 668 3043 point,
704 2982 784 3029 the
816 2981 975 3027 reader
994 2985 1121 3027 must
1149 2979 1430 3040 distinguish

327 3070 407 3115 the
444 3074 537 3115 two
571 3066 738 3115 classes
772 3065 823 3113 of
851 3064 1011 3112 native
1045 3065 1180 3123 Irish,
1226 3065 1427 3125 namely,

328 3154 459 3202 those
470 3154 576 3201 who
596 3152 735 3211 lived,
759 3166 813 3199 or
824 3152 919 3198 had
940 3152 1149 3199 occasion
1164 3156 1214 3198 to
1230 3152 1431 3199 demand

326 3232 452 3299 legal
480 3238 667 3294 reth-ess,
704 3236 755 3282 in
784 3234 991 3282 districts
1020 3236 1197 3295 subject
1228 3239 1278 3281 to
1299 3234 1431 3295 Eng-

326 3322 417 3369 lish
438 3322 543 3379 law,
582 3321 676 3367 and
708 3320 840 3367 those
859 3320 967 3366 who
987 3318 1113 3365 lived
1146 3318 1291 3365 under
1311 3318 1434 3365 their

326 3420 431 3453 own
450 3405 758 3465 independent
776 3404 957 3464 princes
971 3404 1063 3451 and
1078 3404 1160 3450 the
1182 3403 1302 3449 Irish
1323 3402 1429 3451 law.

394 3490 415 3523 b
447 3493 477 3518 “
490 3492 545 3537 In
570 3490 634 3537 all
657 3491 736 3537 the
754 3489 1037 3537 Parliament
1057 3488 1167 3537 rolls
1178 3488 1333 3535 which
1352 3502 1434 3536 are

327 3580 507 3632 extant,
530 3574 650 3621 from
665 3573 747 3620 the
763 3575 825 3621 40
844 3572 1046 3620 Edward
1067 3571 1175 3631 111„
1199 3573 1334 3619 when
1350 3573 1431 3620 the

328 3658 537 3705 Statutes
558 3658 609 3705 of
627 3657 866 3718 Kilkenny
883 3663 1006 3704 ‘were
1027 3658 1229 3714 enacted,
1254 3656 1329 3703 till
1349 3656 1431 3703 the

326 3743 457 3801 reign
500 3743 551 3789 of
584 3741 749 3802 Henry
782 3742 853 3788 VI
859 3739 973 3801 11.‚”
1007 3742 1134 3787 these
1165 3738 1432 3787 distinctive

326 3826 525 3885 epithets
546 3840 664 3873 were
694 3826 879 3885 applied
900 3830 948 3872 to
970 3826 1050 3872 the
1072 3822 1243 3886 King’s
1271 3828 1431 3872 armed

326 3916 579 3969 opponents
599 3911 649 3957 in
671 3910 1109 3968 Ireland.—Dam‘s‚
1125 3910 1237 3957 ibid.
1296 3911 1433 3958 After

1530 2896 1609 2942 the
1629 2893 1816 2943 Statute
1850 2895 1902 2942 of
1935 2895 2189 2958 Kilkenny‚
2226 2898 2306 2945 the
2329 2900 2359 2924 ‘⁶
2371 2898 2496 2946 Irish
2527 2914 2637 2947 ene-

1529 2980 1623 3026 mie
1637 2975 1665 2995 ”
1686 2994 1739 3026 or
1755 2982 1786 3005 ‘⁶
1805 2980 2009 3040 Enemys
2026 2979 2234 3039 Irroies‚”
2253 2981 2297 3029 is
2313 2982 2393 3029 the
2413 2982 2638 3044 ordinary

1529 3064 1709 3122 phrase.
1781 3065 1809 3089 ‘⁴
1829 3062 2059 3111 Felones'’
2080 3064 2121 3115 is
2143 3065 2242 3111 also
2257 3066 2337 3112 the
2358 3067 2494 3113 usual
2516 3074 2636 3115 term

1528 3147 1601 3196 for
1621 3148 1702 3195 the
1724 3148 1845 3194 Irish
1865 3148 1916 3195 in
1937 3162 2064 3195 arms
2081 3148 2133 3196 in
2154 3150 2236 3197 the
2256 3149 2390 3198 Close
2411 3152 2506 3197 and
2526 3152 2635 3199 Pat.

1532 3230 1663 3280 Rolls
1692 3233 1865 3293 during
1897 3234 1980 3280 the
2007 3247 2135 3280 same
2171 3233 2350 3293 period;
2382 3235 2470 3281 but
2489 3237 2638 3283 under

1530 3319 1623 3365 and
1644 3318 1794 3367 before
1815 3318 2020 3365 Edward
2043 3317 2126 3376 ΙΙ»,
2159 3320 2189 3347 “
2203 3318 2442 3367 Hibernici
2473 3321 2556 3379 qui
2577 3322 2638 3369 de

1529 3401 1694 3466 guerra
1715 3405 2100 3453 insurrexerunt”
2137 3404 2180 3452 is
2200 3406 2341 3452 much
2362 3420 2488 3453 more
2507 3420 2638 3454 com-

1531 3504 1641 3538 mon
1662 3493 1777 3539 than
1814 3494 1843 3518 ‘⁴
1859 3488 2077 3539 telones-’³
2144 3490 2193 3537 Is
2226 3491 2265 3537 it
2299 3492 2404 3538 that
2435 3506 2638 3551 govern-

1530 3581 1659 3622 ment
1679 3576 1847 3622 waxed
1871 3579 2034 3635 strong
2055 3574 2104 3620 in
2126 3574 2362 3635 langnage
2383 3590 2436 3622 as
2456 3576 2520 3623 its
2540 3576 2639 3623 real

1531 3672 1683 3718 power
1711 3659 2002 3723 diminished,
2044 3672 2097 3706 or
2118 3659 2223 3705 that
2254 3658 2336 3705 the
2367 3659 2637 3706 undoubted

1531 3744 1816 3802 ascendancy
1837 3743 1893 3789 of.
1917 3743 1996 3789 the
2017 3742 2229 3802 English,
2265 3743 2410 3790 under
2431 3744 2512 3790 the
2535 3744 2638 3791 Red

1530 3826 1657 3884 Ean-1,
1679 3826 1772 3873 had
1795 3828 1966 3887 taught
1981 3828 2109 3874 them
2138 3832 2188 3874 to
2209 3842 2290 3875 use
2311 3829 2454 3875 harsh
2477 3819 2638 3875 names

1531 3914 1579 3959 to
1601 3911 1680 3957 the
1702 3910 1823 3957 Irish
1843 3925 1970 3958 more
1987 3910 2243 3972 liberally?
