2834 4467
311 196 394 259 48
591 255 624 271 ,,
1062 213 1373 289 amaron
1403 212 1867 275 nemon-cau.

2450 264 2475 275 φ

297 377 434 427 ,tere
469 370 622 445 passi
647 368 1004 441 nostratium
1030 367 1230 444 plures
1254 369 1318 425 in
1345 367 1656 443 promissos
1684 366 1899 443 agellos
1925 385 2041 423 non
2069 354 2457 436 induxerunt,
2498 369 2620 436 sed,

307 466 382 539 ad
409 466 755 535 ludibrium,
784 467 1044 525 ostiatim
1075 466 1285 543 stipem
1312 474 1513 543 petere
1534 468 1873 542 coegerunt.
1917 466 2353 541 Quamplurimi
2380 466 2559 524 etiam
2590 487 2623 523 e

309 566 525 622 nostris
553 574 724 623 extra
751 584 946 622 omnes
962 565 1167 641 patriae
1187 565 1405 622 limites
1426 564 1501 621 ad
1519 564 1771 623 incertas
1789 572 1993 633 terrae,
2014 564 2115 621 sed
2140 572 2327 621 certas
2350 565 2621 631 miserias

309 664 438 723 vela
461 665 651 723 facere
671 663 824 739 jussi
851 659 1009 721 sunt.
1111 664 1199 721 Ut
1225 683 1300 721 ne
1319 682 1521 720 auram
1542 663 1777 737 quidem
1804 664 2053 739 patriam
2070 662 2145 721 iis
2169 656 2408 721 haurire
2434 663 2620 720 licue-

309 765 421 834 rit3
464 760 574 840 qui'¹
595 765 752 822 inter
778 763 1113 823 abeundum
1141 760 1735 820 submurmurat-unt:

794 902 937 948 “Nos
956 884 1119 960 patriae
1141 900 1255 947 fines
1275 905 1320 947 et
1341 899 1496 946 dulcia
1514 899 1769 959 linquimus
1789 914 1916 945 arva.

832 985 1076 1044 Improbus
1095 985 1197 1034 haec
1219 988 1315 1031 tam
1338 984 1467 1031 culta
1487 984 1674 1031 novalia
1694 984 1827 1031 miles
1847 984 2077 1039 habebit?

429 1112 499 1169 In
527 1092 783 1169 devictos
801 1111 1052 1169 Ethnici
1080 1111 1326 1167 Romani
1358 1108 1533 1185 longe
1572 1104 1944 1167 humaniores
1971 1119 2153 1180 erant,
2188 1111 2409 1185 quibus
2438 1113 2621 1188 septi-

307 1231 459 1268 mam
505 1211 740 1269 tantum
769 1210 896 1286 agri
924 1219 1150 1286 partem
1177 1208 1505 1285 ademptam
1534 1209 1750 1265 colonis
1777 1207 2137 1271 insidendam
2165 1209 2620 1265 tradideruntffl.

309 1309 478 1368 Licet
504 1318 702 1367 autem
729 1328 832 1384 per
859 1316 1058 1365 secuta
1085 1317 1362 1383 tempora,
1403 1307 1664 1383 superati
1693 1309 1921 1382 quarta,
1952 1307 2148 1374 tertia,
2178 1318 2239 1365 et
2268 1308 2505 1363 tandem
2530 1308 2621 1364 di-

307 1409 490 1467 midia
527 1408 848 1466 fundorum
886 1420 1070 1485 parte,
1112 1426 1416 1481 nunquam
1453 1415 1647 1463 tamen
1684 1406 1915 1463 duobus
1950 1406 2288 1473 trientibUS,
2322 1416 2458 1463 ante
2485 1426 2621 1464 nos-

309 1508 508 1575 trates,
541 1508 788 1583 ⁴spoliati
827 1508 1090 1581 fuerunt.
1170 1506 1251 1562 Et
1287 1505 1479 1563 Caesar
1518 1506 1641 1580 ipse
1681 1505 2184 1562 seditiosissimum
2226 1524 2515 1580 quemque
2558 1517 2621 1563 et

309 1607 516 1684 praedae
543 1616 604 1663 et
630 1608 756 1681 agri
785 1605 962 1663 tertia
983 1614 1149 1681 parte
1173 1604 1602 1661 multaverat¹¹³.
1660 1604 1783 1661 Nec
1810 1604 1983 1661 avitis
2009 1604 2241 1680 praediis‘
2268 1606 2621 1662 exturbatos

309 1706 381 1762 ad
409 1714 703 1763 terrarum
731 1715 790 1762 et
821 1724 1216 1761 aerumnarum
1240 1704 1455 1762 ultima
1484 1705 1823 1773 emiserunt,
1862 1706 1961 1763 sed
1994 1705 2346 1762 Octavius‘
2354 1706 2619 1763 ‘Suevos

307 1816 369 1861 et
411 1804 740 1861 Sicambros
776 1802 1050 1861 dedentes
1093 1822 1153 1861 se
1185 1804 1458 1861 traduxit
1499 1803 1561 1859 in
1594 1804 1856 1871 Galliam,
1902 1815 1962 1861 et
2000 1804 2063 1860 in
2099 1805 2383 1880 proximis
2412 1804 2621 1862 Rheno

307 1907 462 1981 agris
489 1904 872 1983 collocavitffl.
877 1906 913 1935 ”
983 1904 1302 1961 Tiberius‘
1309 1904 1495 1961 ‘bello
1520 1884 1864 1961 Germanico
1892 1904 2279 1979 quadraginta
2304 1897 2491 1960 millia
2516 1904 2613 1961 de·

307 2005 589 2062 ditiorum
620 2004 853 2078 trajecit
880 2002 942 2059 in
973 2002 1238 2071 Galliam,
1280 2003 1577 2077 juxtaque
1612 2002 1800 2078 ripam
1830 2001 2021 2059 Rheni
2049 2003 2283 2060 sedibus
2310 2003 2621 2077 assignatis

302 2103 728 2161 collocavit¹¹⁵.”
811 2101 1078 2159 Gillimer
1107 2101 1508 2157 Vandalorum
1538 2100 1666 2178 Rex
1706 2100 1922 2157 ductus
1951 2098 2517 2177 Constantinopolim
2552 2102 2621 2158 in

306 2201 678 2278 triumphum
706 2220 845 2277 agro
871 2202 933 2257 in
965 2200 1343 2276 Cappadocia,
1387 2200 1710 2257 secundum
1727 2200 2125 2277 triumphum,
2158 2200 2412 2258 donatus
2448 2201 2621 2259 est¹¹⁶.

309 2301 552 2359 Carolus
579 2300 831 2377 Magnus
854 2299 1298 2357 Transalbiones
1326 2294 1523 2356 omnes
1546 2318 1678 2372 cum
1697 2300 1933 2357 familiis
1952 2300 2375 2375 transportavit
2396 2300 2455 2357 in
2479 2300 2621 2358 Gal-

303 2400 457 2457 liam.
541 2400 794 2487 Ideoque
820 2398 1114 2457 Ussherus
1149 2398 1250 2455 ille
1285 2393 1513 2456 nostras
1552 2399 1919 2475 potissimum
1948 2400 2273 2461 reformatae
2314 2399 2621 2475 religionis

304 2492 831 2574 propugnaculum,
876 2487 946 2554 ad
979 2498 1154 2571 cujus
1189 2496 1504 2553 valentiam
1544 2498 1608 2553 in
1649 2496 1756 2554 sua
1790 2498 2073 2573 religione
2113 2498 2335 2556 tuenda
2376 2489 2631 2574 quidam'

308 2597 582 2653 Hectoris
610 2597 928 2654 orationem
955 2593 1406 2653 accommodavit
1432 2595 1697 2665 dicentia

1285 2748 1292 2753 ·
1349 2735 1451 2784 “Si
1474 2737 1706 2797 Pergama
1726 2710 1897 2785 dextra

830 2808 1026 2869 Defendi
1046 2826 1244 2892 possent,
1269 2818 1441 2869 dextra
1462 2823 1551 2869 hac
1573 2824 1759 2871 defensa
1776 2822 2079 2895 fuissent¹¹⁷‚”

306 2958 659 3026 conquestus
696 2952 843 3006 est¹¹⁸
867 2948 929 3003 in
970 2944 1270 3023 praete'rita
1299 2946 1600 3009 Hiberniae
1634 2948 2011 3023 plantatione,
2056 2918 2431 3025 prudentiam
2469 2950 2651 3006 bene“

306 3048 602 3107 institutis
629 3047 969 3122 Rebuspub.
998 3045 1140 3119 olim
1165 3044 1513 3103 familiarem
1552 3044 1810 3119 minime}
1832 3047 2153 3104 adhibitam
2178 3048 2378 3107 fuisse.
2462 3049 2619 3107 Nam

308 3149 425 3205 illae
461 3148 627 3204 novis
661 3145 901 3203 coloniis
941 3142 1142 3219 aliquo
1181 3144 1466 3213 deductiS,
1511 3145 1733 3221 priores
1759 3144 2059 3221 indigenas
2086 3146 2261 3205 certis
2287 3148 2349 3203 in
2379 3148 2619 3205 sedibus

325 3331 330 3337 ’
379 3334 438 3363 ¹¹⁸
461 3332 636 3387 Plutar.
661 3332 712 3377 in
734 3331 947 3390 Romulo.
1011 3331 1068 3360 ¹¹³
1093 3330 1280 3377 Sueten.
1340 3330 1398 3359 ¹¹⁴
1415 3329 1561 3376 Idem.
1616 3331 1673 3360 ¹¹⁵
1697 3330 1842 3377 Idem.
1904 3328 1961 3361 ¹¹⁶
1980 3332 2285 3391 Ratio-temp.
2301 3332 2382 3378 lib.
2409 3333 2487 3379 vii.
2507 3348 2547 3379 c.
2569 3336 2615 3379 5.

316 3400 371 3432 ¹¹⁷
397 3396 585 3446 AEneid.
611 3397 659 3442 ii.
730 3396 894 3443 ¹¹⁸Vit.
915 3396 1105 3443 Ussher.
1130 3410 1175 3455 p.
1207 3397 1282 3443 71.
1979 3428 1983 3434 .
2084 3414 2093 3422 ·

380 3537 508 3587 ¹The
538 3540 732 3587 number
760 3538 810 3585 of
832 3540 910 3585 the
935 3538 1253 3598 transplanted
1287 3539 1410 3585 Irish
1576 3540 1756 3597 ¹¹1⁴‘All
1781 3540 1889 3587 who
1924 3542 2019 3587 had
2033 3542 2175 3588 borne
2208 3554 2333 3588 arms
2370 3541 2517 3588 under
2536 3541 2621 3587 the

309 3630 435 3673 must
456 3628 575 3673 have
595 3627 709 3671 been
730 3624 1053 3682 considerable,
1088 3638 1139 3669 as
1161 3625 1274 3683 they
1301 3624 1411 3670 held
1497 3607 1847 3684 ‘Confederatea
1863 3636 1917 3673 or
1932 3628 2013 3673 the
2026 3624 2197 3687 King’s
2214 3628 2502 3685 Lieutenant,
2521 3627 2620 3673 for-

310 3716 362 3759 at
390 3713 470 3758 the
493 3711 780 3757 Restoration
815 3711 1024 3767 800‚000
1059 3724 1184 3757 acres
1215 3710 1270 3756 irr
1287 3710 1410 3757 Con·
1454 3716 1469 3731 ⁴
1510 3710 1661 3769 seited,
1699 3712 1766 3772 by
1792 3710 2079 3760 Cromwell’s
2112 3712 2207 3759 Act
2243 3714 2296 3759 of
2328 3712 2617 3770 Settlement,

310 3798 506 3855 naught.
573 3796 668 3841 But
687 3808 834 3853 many
854 3808 973 3839 were
1003 3795 1148 3840 either
1170 3794 1413 3865 unwilling
1513 3795 1779 3841 two-thirds
1808 3795 1861 3841 of
1888 3796 2011 3841 their
2030 3793 2504 3853 estates-'K-—See—the
2522 3796 2621 3842 Act

311 3895 362 3928 or
382 3880 550 3927 unable
571 3885 620 3925 to
640 3884 799 3938 accept
820 3880 900 3925 the
926 3881 955 3905 “
969 3880 1208 3926 miserable
1224 3877 1412 3927 farms.'’
1511 3880 1561 3925 in
1575 3882 1653 3926 the
1666 3880 1917 3939 Appendix
1939 3888 1989 3928 to
2008 3882 2238 3941 Linyard,
2259 3881 2351 3928 vol.
2377 3897 2427 3927 x.
2458 3883 2619 3929 fourth
2715 3913 2723 3919 -

310 3965 608 4026 -Linyard,
634 3963 724 4010 vol.
751 3980 800 4011 x.
827 3980 871 4024 p.
899 3967 1008 4012 368.
1364 3988 1372 3995 -
1514 3965 1621 4010 edit.

2798 0 2834 956 ε

2819 1003 2834 1576 ³
