2834 4467
334 206 460 270 290
620 248 622 253 ·
1107 225 1519 271 cannensem
1550 224 1861 271 nvnnsns.
2372 228 2524 293 [CAP-
2548 230 2648 276 uz.

332 378 548 437 mentis
573 396 642 436 ea
667 398 728 437 se
754 378 1052 455 collegisse
1077 380 1263 436 aiunt.
1331 379 1430 436 Sic
1456 379 1808 436 Ammianus
1840 399 1899 437 se
1926 380 2236 439 Gallorum
2262 380 2652 456 antiquitates

331 498 364 535 e
405 477 660 554 publicis
698 478 938 535 illorum
982 480 1378 536 monumentis
1417 480 1483 535 in
1522 479 1716 536 lucem
1755 479 1979 536 eruisse
2012 479 2344 555 profitetur.
2428 480 2651 536 Simili-

331 586 423 635 ter
450 578 747 635 Arrianus
791 578 994 637 statim
1036 578 1210 636 initio
1247 579 1483 655 scripsit
1524 578 1797 655 seoRegis
1826 578 2145 647 Ptolomae'i,
2185 579 2291 653 qui
2316 578 2653 636 Alexandri

331 676 529 751 magni
571 678 749 734 rebus
791 678 1016 753 ubique
1049 678 1348 749 interfuit,
1377 662 1837 735 commentarios
1857 696 1978 733 non
2010 656 2183 753 prius
2222 678 2526 752 evulgatos
2564 678 2651 735 le—

330 775 498 850 gisse.
577 776 794 833 Itidem
821 776 1133 852 Appianus
1162 776 1433 851 Augusti
1472 777 1705 852 scripta,
1749 777 2102 834 Metastenes
2143 784 2204 833 et
2234 776 2453 833 Ctesias
2492 778 2651 851 pub-

330 874 443 931 lica
469 876 782 931 Persarum
809 883 1204 944 monumenta,
1236 875 1534 933 Diodorus
1562 876 1999 953 AEgyptiorum‚
2032 875 2105 933 de
2130 876 2350 950 quibus
2388 875 2646 950 scripsit,

329 992 538 1031 arcana
569 992 630 1031 se
655 974 872 1031 vidisse
907 982 1178 1031 testatur.
1262 973 1635 1052 Thucydides
1672 976 1899 1050 magnis
1938 974 2275 1051 sumptibus
2316 974 2649 1049 ingeniosos

331 1074 730 1149 exploratores
763 1075 836 1131 ad
881 1074 1293 1149 inquirendam
1323 1075 1413 1132 rei
1439 1075 1749 1131 veritatem
1784 1075 1952 1143 aluit,
1996 1082 2067 1131 ut
2106 1074 2356 1131 similem
2396 1073 2647 1149 diligen-

331 1172 474 1229 tiam
501 1192 536 1229 a
564 1172 863 1249 Dyonisio,
893 1180 954 1228 et
977 1170 1234 1228 Diodoro
1253 1171 1316 1227 in
1341 1170 1592 1227 historia
1614 1170 1874 1227 Romana
1900 1170 2200 1229 condenda
2226 1190 2406 1247 supra
2430 1190 2647 1229 memo-

331 1277 516 1327 ratam
538 1270 773 1327 missam
799 1269 1021 1327 faciam.
1087 1270 1339 1327 Sanctus
1363 1270 1743 1327 Hieronimus
1765 1270 2073 1327 Palestinae
2100 1270 2645 1347 peregrinationem,

328 1368 609 1427 adhibitis
644 1369 1029 1426 Hebraeorum
1069 1368 1483 1427 eruditissimis
1518 1368 1591 1426 ad
1628 1388 1801 1426 sacra}
1842 1370 2149 1445 scripturae
2182 1370 2647 1445 intelligentiam

329 1468 447 1545 sibi
471 1466 734 1527 multum
761 1468 1052 1544 profuisse
1077 1474 1359 1525 testatur:
1389 1466 1464 1525 ad
1498 1467 1693 1542 ipsum
1720 1467 1932 1525 divinae
1960 1468 2269 1544 scripturae
2297 1469 2647 1543 quoestiones

332 1566 690 1641 explicandae
733 1566 1156 1623 referebantur.
1267 1564 1449 1621 Illum
1494 1565 1780 1622 Damasus
1822 1565 2119 1635 Pontifex,
2168 1566 2343 1623 illum
2392 1566 2646 1625 Sanctus

331 1664 817 1743 Augustinusde
839 1664 984 1722 locis
1003 1665 1314 1739 scripturas
1339 1663 1701 1721 difficillimis
1727 1663 1878 1739 saepe
1905 1666 2221 1735 consuluit,
2246 1674 2489 1741 propter
2514 1666 2647 1740 ejus

331 1762 690 1837 singularem
719 1758 1062 1829 doctrinam,
1085 1770 1148 1819 et
1175 1762 1392 1835 linguae
1419 1781 1539 1821 non
1566 1761 1759 1821 solum
1787 1762 2011 1819 Latinae
2039 1771 2098 1820 et
2118 1763 2349 1833 Graecae,
2380 1763 2481 1821 sed
2508 1764 2645 1821 Hae-

331 1860 540 1919 braicae
570 1868 630 1920 et
659 1859 983 1917 Chaldaicae
1009 1859 1481 1934 intelligentiam.
1571 1859 1881 1917 Giraldum
1906 1869 2104 1919 autem
2132 1862 2205 1917 ab
2232 1860 2328 1919 his
2355 1862 2645 1920 diversam

330 1976 574 2033 prorsus
599 1958 756 2015 viam
795 1957 1124 2033 ingressum
1163 1956 1380 2031 linguae
1429 1954 1689 2031 primum
1730 1958 2063 2015 Hibernicae
2107 1958 2465 2017 addiscendis
2504 1978 2647 2017 cura

332 2076 450 2115 non
478 2049 695 2132 tetigi't,
727 2074 834 2113 nec
861 2054 1016 2114 enim
1053 2054 1107 2111 ei
1134 2074 1194 2111 se
1219 2054 1604 2131 percipiendae
1632 2068 1867 2131 operam
1892 2055 2242 2131 impendisse
2268 2075 2515 2131 usquam
2550 2056 2643 2116 in-

331 2154 506 2224 dicat,
549 2154 724 2211 homo
751 2152 972 2228 alioqui
997 2152 1062 2209 in
1091 2144 1198 2208 suz‘i
1225 2151 1542 2209 sedulitate
1569 2152 1937 2228 praedicanda
1963 2153 2101 2229 plus
2126 2154 2309 2210 nimio
2334 2154 2641 2229 gloriatus·

331 2253 391 2311 N
393 2272 457 2311 ec
491 2262 612 2311 tam
649 2252 996 2311 diuturnam
1035 2252 1098 2309 in
1129 2251 1449 2308 Hibernia*
1458 2270 1679 2307 moram
1714 2252 2029 2321 contraxit,
2068 2259 2142 2310 ut
2167 2254 2259 2311 vel
2292 2252 2644 2311 mediocrem

331 2353 670 2411 Hibernicae
707 2352 924 2427 lingum
971 2350 1364 2425 cognitionem
1407 2368 1745 2425 comparare
1775 2351 2056 2425 potuerit.
2140 2352 2243 2409 Bis
2280 2350 2437 2408 enim
2476 2368 2539 2409 se
2576 2352 2645 2410 in

332 2452 678 2510 Hiberniam
699 2450 994 2525 trajecisse
1019 2450 1236 2517 innuit,
1267 2449 1447 2507 semel
1472 2448 1713 2507 fratrem
1741 2468 1916 2507 suum
1936 2449 2282 2526 Philippum
2308 2450 2639 2517 comitatus,

330 2570 582 2625 eumque
607 2569 674 2607 ac
698 2550 1060 2607 avunculum
1089 2547 1524 2623 stephanidem,
1552 2554 1589 2580 “
1606 2547 1933 2623 plurimum
1961 2548 2202 2605 consilio
2230 2548 2531 2622 juvans⁹‚”
2570 2557 2643 2611 ut
2707 2593 2717 2603 .

329 2649 454 2725 ipse
491 2647 714 2705 scribit.
814 2648 1042 2705 Iterum
1083 2648 1123 2707 J
1126 2647 1302 2705 oanni
1338 2647 1515 2721 Regis
1552 2646 1801 2703 Henrici
1838 2646 1961 2703 filio
2004 2645 2415 2726 duodecimum
2452 2649 2641 2707 aetatis

329 2740 552 2805 annum
577 2766 697 2803 non
724 2766 1098 2823 supergresso
1124 2747 1437 2805 institutor
1462 2738 1825 2805 adhibitusw.
1908 2746 2041 2814 Quo
2066 2755 2263 2805 autem
2298 2767 2469 2817 anne,
2498 2748 2641 2807 dua-

329 2846 446 2905 bus
491 2844 652 2903 hisce
677 2845 924 2915 vicibus,
970 2846 1033 2905 in
1071 2846 1422 2903 Hiberniam
1459 2845 1788 2903 transmisit
1830 2864 1945 2901 non
1983 2864 2059 2903 ex
2098 2846 2225 2921 ipso
2264 2846 2365 2905 sed
2404 2846 2643 2905 aliunde

331 2945 728 3021 cognovimus·
809 2944 1052 3003 Nullam
1073 2945 1228 3003 enim
1255 2946 1320 3003 in
1346 2952 1475 3002 toto
1499 2944 1621 3003 fere
1646 2944 1907 3003 historiae
1934 2943 2205 3003 discursu
2232 2945 2513 3021 temporis
2549 2946 2641 3003 in-

329 3032 564 3103 dicandi
591 3044 878 3103 rationem
903 3043 1097 3104 ducit:
1139 3042 1277 3101 cum
1303 3051 1499 3100 tamen
1542 3048 1579 3075 “
1594 3041 1753 3118 apud
1794 3061 1940 3117 quos
1974 3042 2282 3103 historicos
2316 3044 2471 3101 ratio
2494 3052 2641 3102 tem-

330 3164 544 3222 porum
570 3164 690 3201 non
717 3143 983 3213 cohaeret‚
1007 3162 1113 3201 nec
1127 3143 1412 3210 veritatiS,
1444 3160 1634 3217 neque
1652 3141 1946 3202 historicas
1972 3140 2109 3199 fidei
2134 3140 2288 3200 ratio
2314 3141 2442 3201 ulla
2458 3142 2643 3219 possit

331 3246 696 3306 constare¹¹.”
777 3244 1066 3303 Praeterea
1103 3244 1168 3301 in
1195 3242 1356 3311 duas,
1402 3242 1707 3311 Hibernia,
1747 3241 2059 3308 terniones,
2088 3239 2295 3317 pedem
2319 3260 2638 3316 nunquam,

329 3344 560 3409 intulit.
640 3345 700 3402 N
701 3364 766 3403 ec
793 3342 948 3403 enim
983 3362 1087 3419 per
1113 3341 1408 3401 hosticum
1436 3360 1752 3399 excurrere
1792 3359 1969 3399 ausus
2006 3347 2111 3407 est,
2153 3340 2279 3409 ubi,
2308 3347 2381 3398 ut
2395 3340 2535 3416 ‘ipse
2558 3340 2643 3396 lo·-

332 3430 570 3519 quitur,
594 3450 632 3477 ‘⁶
647 3443 807 3519 capti
833 3440 1160 3517 decapitati‚
1195 3460 1310 3497 non
1340 3440 1631 3516 redempti
1652 3440 1752 3499 sed
1777 3439 2119 3515 interempti
2144 3438 2497 3496 suerunt¹².”
2564 3438 2647 3495 Et

419 3584 464 3616 ⁹·
457 3580 574 3629 Bib.
597 3582 790 3640 Expug.
815 3578 895 3626 lib.
919 3578 966 3625 ii.
991 3594 1030 3625 c.
1058 3578 1133 3624 18.
1219 3580 1261 3611 ¹⁰
1284 3576 1403 3623 Ibid.
1429 3592 1467 3624 c.
1494 3580 1585 3635 32·
1620 3576 1779 3636 Davis,
1802 3591 1849 3666 p
1880 3578 1953 3625 19.
2060 3578 2097 3611 ²²
2122 3576 2359 3624 Possevin.
2383 3576 2465 3623 ubi
2487 3546 2639 3639 supra,

323 3661 433 3709 αφ.
461 3648 644 3697 10.-12
667 3643 1165 3719 Hib.Expug.1ib.ii.
1191 3644 1399 3702 cap-36.

397 3773 661 3822 coh-aldus
681 3770 849 3819 visited
871 3764 1069 3817 ’Ireland
1092 3782 1122 3815 a
1149 3768 1276 3815 third
1306 3768 1433 3826 time,
1536 3766 1721 3813 mained
1744 3771 1827 3813 not
1848 3780 1975 3813 more
1996 3766 2111 3813 than
2124 3780 2163 3849 'a
2182 3764 2272 3812 few
2294 3764 2447 3813 weeks
2478 3764 2533 3810 in
2562 3764 2645 3811 the

325 3864 384 3905 to
404 3858 585 3905 consttlt
603 3858 720 3905 with
739 3857 814 3903 his
833 3856 1006 3902 friends
1033 3855 1154 3901 after
1171 3855 1248 3900 his
1267 3854 1437 3901 second
1535 3856 1733 3913 country
1745 3854 1935 3899 anthat
1954 3844 2331 3899 occasion—De
2350 3850 2507 3896 Rebus
2538 3866 2573 3895 a
2594 3862 2645 3895 se

333 3942 525 3989 electiori
549 3947 599 3987 to
619 3942 700 3997 the
719 3955 794 3992 see
815 3941 868 3986 or
883 3940 952 3989 St.
971 3938 1158 3997 David3
1181 3939 1339 3986 buthe
1361 3952 1435 3985 re·
1530 3938 1783 4002 μεθίῆᾁτ.
1801 3938 1905 4001 ξολ,
1918 3938 2095 3998 Anglia
2116 3936 2279 3995 Sacra,
2297 3935 2391 3986 vol.
2406 3935 2513 3993 up.
2528 3936 2639 3985 50⁷.
