2834 4467
340 227 422 289 70
1079 245 1392 290 nrisrou
1423 244 1886 289 nnmcuonn.

335 398 408 457 de
433 400 611 457 rebus
639 398 992 467 Hibernicis,
1022 397 1120 455 sed
1159 398 1459 475 peregrini
1496 396 1932 456 adhiberentur.
2014 398 2109 455 Ex
2146 417 2265 473 quo
2300 400 2463 457 fonte
2507 417 2654 455 nos-

335 508 500 555 trum
527 498 777 555 exitium
803 498 998 554 fluxit.
1079 498 1534 573 Peregrinorum
1560 497 1725 556 enim*
1742 497 2009 555 examina
2032 496 2096 553 in
2116 497 2461 555 Hiberniam
2478 496 2655 555 iden-

335 594 516 653 tidem
544 594 976 663 confluxerunt‚
1008 614 1136 670 quse
1179 595 1463 652 Hibernis
1501 592 1669 651 nullo
1708 594 2024 666 commod0,
2068 594 2169 652 sed
2205 596 2651 671 quamplurimo

334 694 638 770 dispendio
673 694 990 751 afficiendis
1031 694 1274 753 solerter
1299 694 1725 763 incubuerunt,
1756 702 1818 751 et
1842 709 1981 769 opes
2006 694 2081 749 iis
2113 680 2343 753 assidue
2368 697 2651 770 abreptas

334 794 466 851 sibi·
475 793 678 851 sedqu
713 792 1206 877 accumularunt..
1268 793 1662 861 Quamobrem
1696 792 1970 877 omnibus
2009 792 2163 849 votis
2191 793 2447 850 Hiberni
2478 782 2652 849 nune

333 898 645 967 expetunt,
675 899 764 959 ut,
795 891 847 949 si
873 910 990 949 non
1007 890 1232 967 plures,
1263 889 1470 959 saltem
1506 909 1665 949 unus
1707 909 1740 947 e
1777 890 2118 965 proceribus
2152 891 2369 947 nostris
2396 910 2433 947 a
2458 890 2652 948 latere

332 1001 635 1065 nunquam
673 988 950 1058 discedat,
982 989 1082 1047 sed
1111 988 1224 1046 tibi
1251 1004 1477 1065 semper
1502 990 1717 1064 praesto
1745 988 1840 1059 sit,
1870 988 1977 1064 qui
2004 989 2416 1064 compertiores
2440 1008 2651 1046 narra-

332 1089 540 1155 tione&
568 1087 922 1145 salubriores
947 1087 1312 1156 monitiones,
1329 1096 1391 1145 et
1409 1087 1483 1145 ad
1506 1086 1809 1145 Hiberniae
1828 1087 2392 1145 administrationem
2420 1106 2650 1145 accom—

331 1186 678 1247 modatiores
704 1194 950 1261 promet.

452 1283 797 1347 Adversarii
824 1284 1061 1359 quidem
1087 1292 1346 1341 nostram
1366 1283 1679 1361 Catholicae
1708 1285 2007 1361 religionis
2032 1285 2449 1361 professionem
2476 1305 2648 1345 secu-

331 1383 526 1447 ritatis
551 1382 802 1459 publicae
829 1383 1154 1460 scopulum,
1192 1383 1433 1452 nodum,
1472 1392 1533 1440 et
1566 1402 1790 1441 moram
1836 1402 1961 1443 esse
1999 1385 2459 1460 pertimescunt:
2500 1386 2654 1460 quia

333 1481 631 1557 religionis
665 1490 878 1541 nostrae
906 1482 1053 1540 scita
1089 1501 1206 1539 non
1249 1480 1524 1541 accurate
1551 1481 2003 1557 perpenderunt,
2034 1502 2165 1557 quae
2206 1502 2341 1541 suos
2382 1483 2651 1541 cultores

332 1581 406 1637 ad
431 1582 778 1656 obsequium
805 1581 1201 1657 Principibus,
1225 1600 1480 1639 amorem
1506 1579 1755 1650 civibus,
1778 1588 1838 1637 et
1857 1579 2031 1637 fidem
2058 1581 2227 1639 sociis
2254 1580 2650 1639 exhibendam

334 1679 696 1739 sanctissime
711 1680 1001 1739 vinciunt.
1043 1680 1168 1737 Nec
1190 1681 1362 1740 nobis
1379 1680 1529 1737 vitio
1556 1678 1815 1736 dandum
1835 1677 2001 1754 quod
2026 1680 2081 1736 ei
2107 1679 2379 1755 religioni
2403 1680 2647 1755 potissi-

333 1798 499 1835 mum
525 1778 890 1846 adheremm,
920 1797 1096 1853 quam
1124 1778 1447 1854 antiquitas
1472 1778 1847 1847 certitudine,
1863 1778 2233 1837 diuturnitas
2258 1778 2559 1847 firmitate,
2582 1788 2652 1835 et

333 1876 662 1952 amplitudo
687 1876 982 1936 soliditate
1006 1877 1279 1935 munivit.
1335 1876 1525 1935 Sacrae
1552 1877 1791 1957 paginae¹
1806 1877 2031 1935 monita
2056 1885 2228 1945 sunt;
2274 1883 2310 1909 ‘⁶
2332 1876 2652 1953 Interroga

333 1984 560 2051 patrem
603 1984 796 2045 tuum,
833 1983 896 2032 et
919 1975 1301 2035 annuntiabit
1327 1976 1458 2043 tibi,
1486 1976 1739 2051 majores
1766 1984 1903 2035 tuos
1942 1984 2005 2035 et
2028 1977 2228 2035 dicent
2255 1965 2485 2033 tibi¹⁶²².”
2561 1977 2651 2035 Et

337 2082 374 2107 “
393 2074 559 2133 State
577 2091 755 2150 super
770 2074 910 2143 viaS,
933 2082 996 2133 et
1015 2075 1374 2150 interrogate
1399 2073 1472 2131 de
1498 2075 1719 2133 semitis
1734 2076 2012 2151 antiquis,
2027 2094 2157 2151 quae
2178 2075 2256 2133 sit
2274 2075 2371 2133 via
2386 2076 2561 2145 bona,
2584 2086 2652 2133 et

334 2174 630 2233 ambulate
655 2174 718 2231 in
739 2172 923 2231 etv-'³³2'
940 2178 946 2184 ‘
961 2172 1326 2231 Tertulliano
1351 2171 1619 2242 authore,
1647 2174 2342 2249 “Verumquodcunque
2360 2174 2646 2251 primum,

334 2270 671 2328 adulterum
709 2271 1102 2346 quodcunque
1127 2270 1539 2347 posterius¹³⁴.’'
1620 2272 1821 2329 Sancti
1850 2256 2199 2350 Hieronymi
2237 2274 2419 2331 verba
2460 2282 2609 2331 sunt
2628 2294 2647 2331 ε

338 2375 376 2403 “
390 2368 510 2437 Qui
535 2387 724 2446 usque
751 2370 826 2427 ad
851 2370 1406 2429 consummationem
1426 2371 1625 2429 saecnli
1650 2388 1785 2429 cnm
1812 2372 2120 2448 discipulis
2139 2392 2199 2431 se
2224 2372 2499 2431 futurum
2520 2393 2653 2432 esse

333 2471 648 2547 promittit,
678 2479 738 2528 et
765 2472 898 2529 illos
923 2470 1183 2529 ostendit
1219 2488 1444 2546 semper
1471 2488 1593 2529 esse
1618 2471 1901 2541 victuros,
1930 2480 1989 2531 et
2028 2491 2089 2532 se
2123 2489 2431 2547 nunquam
2458 2492 2493 2529 a
2520 2492 2653 2531 cre-

333 2569 612 2627 dentibus
650 2585 1016 2628 recessurum
1045 2571 1101 2626 :’'
1141 2568 1246 2645 qui
1271 2564 1448 2625 etiam
1475 2568 1643 2626 docet
1686 2575 1724 2603 “
1739 2570 1800 2627 in
1828 2570 1933 2629 ills
1961 2570 2221 2632 Ecclesia
2258 2586 2381 2629 esse
2418 2590 2650 2647 perma-

333 2666 612 2735 nendum,
639 2686 768 2743 quae
795 2669 870 2726 ab
900 2667 1202 2744 Apostolis
1229 2666 1475 2724 fundata
1501 2686 1691 2743 usque
1716 2668 1790 2727 ad
1815 2668 1975 2729 hunc
1998 2669 2157 2729 diem
2182 2669 2479 2729 duras-'³⁵2’
2520 2671 2652 2729 Nos

333 2765 524 2840 igitur
551 2765 664 2823 Dei
689 2774 749 2823 et
777 2765 1106 2841 sapientum
1141 2764 1380 2823 monitis
1407 2766 1678 2825 obsecuti
1698 2786 1777 2830 ,ea
1813 2786 1977 2845 nunc·
2008 2768 2280 2844 dogmata
2318 2776 2645 2838 sectamur3

335 2882 464 2939 quae
489 2864 585 2921 vel
610 2864 728 2939 ipsi
753 2854 1282 2939 Ma⁸gdeburgenses
1322 2864 1688 2939 temporibus
1722 2866 1797 2922 ab
1827 2866 2249 2942 Apostolorum
2278 2886 2409 2927 oevo
2446 2884 2647 2925 recen*

119 2970 314 3037 [xxiii]
339 2962 504 3020 tibus
548 2962 769 3019 usitata
801 2970 864 3021 et
895 2962 1246 3038 pervulgata
1276 2957 1287 3039 Ι
1325 2961 1669 3039 saeculisque
1703 2962 1840 3023 inde
1880 2982 2071 3039 usque
2104 2963 2179 3021 ad
2220 2962 2483 3023 nostram
2520 2984 2647 3023 me-

337 3211 376 3257 L
404 3146 625 3258 ΐὲῑῖοιιὲ.
662 3145 824 3191 xxxii.
913 3108 1158 3191 ¹⁵0'Jerem.
1184 3143 1248 3188 vi.
1265 3184 1276 3191 .
1341 3143 1397 3171 ¹⁵⁴
1422 3142 1523 3189 Lib.
1552 3142 1617 3189 iv.
1643 3142 1901 3197 comment·
1936 3144 1986 3189 in
2008 3143 2146 3193 Matt-
2180 3144 2231 3190 in
2258 3139 2339 3193 fin.
2431 3144 2489 3175 ¹³⁵
2513 3143 2643 3191 Dial.

375 3226 408 3257 n
471 3243 484 3256 .
508 3225 559 3256 m
613 3224 684 3256 ne.

333 3396 344 3419 .·
373 3351 378 3356 ⁴
410 3363 434 3397 ⁸
459 3356 560 3404 One
594 3356 646 3402 of
678 3356 758 3401 the
786 3353 990 3400 Articles
1032 3334 1283 3399 concluded
1319 3352 1437 3398 with
1536 3353 1775 3411 storation,
1792 3352 2026 3401 Catholics
2046 3356 2141 3401 and
2158 3355 2421 3402 Dissenters
2435 3368 2554 3401 were
2566 3356 2645 3401 in·

337 3442 459 3489 Lord
479 3440 770 3487 Westmeath
784 3439 852 3497 by
873 3436 1080 3493 LudJOW,
1104 3436 1352 3495 exempted
1371 3436 1437 3482 all
1536 3436 1701 3495 dicted,
1726 3438 1871 3485 under
1891 3438 1970 3484 the
1994 3440 2021 3485 2
2046 3438 2181 3497 Eliz„
2215 3440 2287 3485 for
2308 3439 2500 3487 absence
2521 3438 2645 3485 from

337 3525 458 3573 Irish
479 3529 715 3573 recusants
742 3524 860 3569 from
890 3520 1111 3580 assisting
1141 3525 1192 3567 at
1211 3534 1307 3580 any
1327 3520 1435 3567 reli-
1536 3522 1739 3579 church3
1784 3524 1869 3569 but
1903 3524 1983 3569 the
2011 3523 2247 3571 universal
2281 3524 2645 3573 dissatisfaction

335 3612 468 3671 gions
489 3610 661 3657 service
692 3612 910 3667 contrary
930 3612 981 3652 to
1002 3606 1123 3652 their
1143 3605 1433 3664 conscience3
1535 3606 1787 3665 compelled
1810 3607 1981 3667 Orrery
2002 3614 2052 3655 to
2086 3610 2219 3655 order
2250 3610 2332 3656 the
2358 3610 2541 3669 judges,
2581 3624 2645 3657 on

333 3700 414 3756 yet
428 3697 508 3742 the
517 3694 892 3743 commissionem
903 3690 1109 3750 imposed
1124 3704 1154 3736 a
1168 3690 1272 3748 fine,
1287 3690 1440 3751 thirty
1536 3688 1601 3737 all
1621 3690 1703 3737 the
1728 3691 1929 3751 circuita·
1943 3696 1993 3739 to
2016 3694 2215 3751 suspend
2228 3692 2333 3740 that
2354 3697 2526 3740 statute
2548 3708 2645 3741 un·

334 3794 489 3840 penos,
524 3780 595 3825 for
619 3779 812 3825 absence
845 3777 958 3823 each
979 3776 1176 3837 Sunday
1207 3776 1325 3821 from
1357 3778 1438 3823 the
1536 3775 1593 3822 til
1622 3776 1801 3824 further
1836 3778 2003 3824 orders.
2072 3778 2173 3825 The
2196 3778 2324 3825 Irislr
2344 3779 2533 3838 bishops
2565 3792 2647 3827 re-

334 3862 493 3922 parish
533 3862 721 3909 cnm-ch.
789 3860 904 3907 This
939 3859 1064 3906 edict
1099 3872 1198 3907 was
1227 3859 1437 3907 enforced
1536 3865 1819 3911 monstrated
1840 3864 2028 3924 against
2043 3864 2139 3911 this
2152 3863 2457 3926 indulgence3
2478 3866 2567 3913 but
2589 3880 2645 3913 as

335 3947 480 3997 under
501 3946 580 3993 the
603 3944 1013 3993 Commonwealth.
1081 3945 1217 3995 After
1238 3946 1317 3995 the
1347 3946 1441 3993 Re-
1541 3948 1661 3995 their
1682 3953 1865 4009 request
1886 3949 2039 3997 would
2061 3948 2303 4011 dissatisfy
2324 3955 2403 3999 ten
2433 3953 2565 4009 parts
2590 3950 2644 3997 in
