2834 4467
310 212 437 277 220
700 265 705 270 .
1087 199 1496 304 crunnnysm
1527 228 1836 275 nvsnsus.
2227 216 2231 221 ’
2319 231 2491 297 [cn.
2516 232 2610 281 111.

427 384 671 441 Romani
698 384 857 445 certe
884 383 1124 443 coloniis
1150 383 1379 459 alioque
1406 382 1674 443 deductis
1709 382 2016 459 septimam
2043 364 2280 440 tantum
2311 382 2440 457 agri
2477 400 2612 457 par-

308 490 427 539 tem
454 482 745 557 indigenis
773 482 1101 559 ademptam
1127 477 1283 541 int'er
1304 482 1536 541 colonos
1563 481 1770 558 partiti
1797 489 1956 539 sunt.
2015 480 2270 539 Coloniae
2283 478 2426 538 vero
2454 479 2612 556 leges

306 580 403 637 vel
428 600 461 635 a
486 582 705 656 populo
732 582 991 638 Romano
1016 588 1382 657 acceperunt,
1412 582 1509 639 vel
1548 581 1686 658 ipsae
1725 581 1839 638 sibi
1865 600 1970 657 per
1997 576 2264 638 senatum
2292 590 2398 637 aut
2421 599 2609 657 popu·

306 676 434 734 1ιιιιι
474 673 881 749 condiderunt,
924 689 1107 755 prout
1140 679 1484 749 incolarum,
1527 698 1782 755 quorum
1821 679 2210 737 contubernio
2243 678 2452 736 deinde
2477 679 2611 736 illos
2665 674 2678 679 ’

306 776 401 833 u'ti
417 778 701 853 oportuit,
722 776 987 835 moribus
1004 776 1492 835 accommodatius
1511 786 1678 837 esset.
1717 777 2113 855 Romanorum
2127 776 2390 853 vestigiis
2410 776 2612 835 Chris-

305 859 453 934 tiani
479 896 729 951 quoque,
768 877 831 935 in
870 878 1145 935 societate
1182 895 1317 933 cum
1344 876 1520 933 victis
1557 874 1832 945 ineunda,
1870 875 2236 934 institerunt.
2319 874 2608 945 Lusitani,

304 983 437 1049 post
463 974 661 1031 Indias
683 974 1011 1033 Orientales
1038 975 1149 1032 sub
1178 973 1459 1031 ditionem
1488 991 1654 1031 suam
1680 974 1856 1029 armis
1881 972 2160 1041 redactas
2180 982 2242 1030 et
2269 971 2564 1031 colonias
2547 992 2614 1031 ιιι

303 1072 378 1129 iis
404 1071 520 1131 rite
548 1073 913 1142 constitutas,
942 1071 1320 1140 matrimonii,
1364 1080 1426 1129 et
1462 1071 1746 1129 foederum
1772 1070 2042 1141 vinculis,
2079 1072 2409 1147 amorisque
2448 1090 2612 1129 nexu

304 1171 445 1229 adeo
474 1172 586 1229 sibi
612 1172 914 1249 indigenas
942 1172 1411 1239 obstrinxerunt,
1433 1178 1516 1227 ut
1540 1169 1606 1227 hi
1631 1170 1746 1227 iam
1773 1169 1937 1228 ultro
1958 1171 2071 1227 sub
2096 1170 2334 1227 illorum
2361 1170 2612 1247 imperio

302 1270 704 1340 concesserint,
746 1267 867 1327 imo
905 1270 969 1327 in
1008 1289 1186 1327 unam
1226 1289 1363 1327 cum
1402 1269 1522 1327 illis
1547 1276 1780 1345 gentem
1807 1253 2150 1340 coaluerint,
2181 1278 2242 1327 et
2277 1288 2394 1327 non
2432 1269 2612 1327 inviti

302 1369 457 1445 leges
476 1370 719 1427 illorum
745 1370 1000 1445 amplexi
1026 1369 1267 1427 suerint.

322 1526 327 1531 ,
425 1466 739 1524 Castellani
765 1467 943 1525 etiam
964 1467 1139 1524 Indos
1163 1464 1607 1524 Occidentales'
1591 1482 1654 1521 m
1681 1463 1870 1523 simile
1895 1483 2130 1539 quoque
2154 1463 2350 1539 legum
2387 1484 2609 1523 connu-

301 1562 653 1637 biorumque
691 1564 1049 1620 consortium
1090 1563 1220 1638 pari
1262 1571 1482 1620 eventu
1527 1562 1920 1619 adsciverunt.
2013 1562 2101 1619 Ut
2146 1580 2264 1618 non
2309 1560 2610 1621 immerito

302 1661 579 1718 Davisius
596 1670 1017 1737 conqueratur:
1041 1667 1077 1693 “
1090 1661 1402 1736 Anglicam
1422 1660 1756 1718 Hibernicae
1777 1630 2028 1737 Reipub.
2046 1660 2613 1737 administrationem

304 1759 469 1833 turpi
494 1746 625 1816 labe
651 1759 926 1816 foedatam
950 1759 1146 1828 fuisse,
1172 1746 1333 1834 quod
1351 1778 1485 1816 suas
1512 1759 1667 1838 leges
1687 1778 1821 1816 cum
1853 1759 2152 1829 Hibernis,
2176 1759 2612 1834 quinquaginta

301 1875 480 1931 supra
506 1864 795 1914 trecentos
820 1876 1016 1926 ιιιιιιοε,
1048 1877 1165 1914 ιιοιι
1190 1856 1718 1927 communicarunt,
1749 1866 1810 1915 et
1839 1857 1904 1919 in
1938 1876 2140 1915 eorum
2180 1856 2450 1934 praesidio
2475 1876 2608 1933 per-

299 1954 532 2029 fugium
557 1954 691 2013 illos
718 1956 1001 2035 nanscisci
1027 1975 1142 2013 non
1184 1956 1598 2034 permiserunt.
1664 1956 1902 2015 Etenim
1921 1958 2078 2033 juris
2113 1956 2305 2015 tutela
2331 1975 2448 2013 non
2475 1975 2609 2015 mu-

298 2052 431 2119 niti,
475 2053 711 2128 injuriis
752 2055 1211 2131 quibuscunque
1249 2054 1365 2112 toti
1404 2063 1758 2132 patueruntr,
1799 2036 1886 2113 ita
1931 2064 2004 2112 ut
2043 2054 2260 2129 Anglis
2296 2055 2361 2112 in
2402 2075 2609 2113 eorum

298 2150 499 2220 vitam,
528 2158 589 2209 et
617 2152 882 2209 fortunas
908 2150 1149 2231 impune
1176 2153 1430 2234 grassari
1454 2152 1710 2211 licuerit.
1791 2154 1850 2209 N
1851 2174 1924 2209 on
1953 2172 2092 2228 ergo
2117 2154 2181 2209 in
2207 2151 2609 2229 reprehensio-

299 2268 435 2307 nem
461 2250 651 2309 ullam‘
681 2251 934 2309 Hiberni
958 2252 1159 2309 venire
1188 2258 1490 2327 poterunt,
1536 2251 1603 2321 si,
1648 2252 1741 2309 sui
1771 2252 1916 2309 sarti
1942 2252 2203 2327 tectique
2227 2250 2610 2308 conservandi

159 2353 275 2419 [23]
300 2346 491 2416 causa,
522 2347 715 2407 hostes
744 2368 806 2408 se
831 2350 1017 2424 quam¹
1037 2347 1049 2427 Ι
1072 2350 1383 2407 acerrimos
1406 2347 1742 2425 Anglorum
1763 2348 2144 2424 praebuerint,
2169 2348 2220 2405 si
2245 2348 2301 2406 ei
2325 2348 2452 2423 regi
2479 2346 2608 2405 tanss

300 2463 477 2520 quam
504 2466 777 2523 supremo
814 2466 921 2505 suo
948 2446 1181 2503 domino
1220 2447 1448 2505 deferre
1482 2444 1830 2521 obsequium
1856 2452 2203 2511 renuerunt.
2285 2445 2351 2501 Si
2385 2444 2609 2519 Anglo-

298 2561 433 2599 rum
464 2563 779 2619 congressu
805 2554 866 2602 et
890 2539 1181 2603 moenibus
1208 2544 1462 2603 Hiberni
1487 2543 1774 2620 prohibiti
1799 2544 2039 2612 fuerint,
2071 2552 2131 2601 et
2156 2542 2398 2599 illorum
2429 2544 2612 2601 urbes

299 2642 695 2721 subeuntibus
722 2642 929 2717 capitis
965 2651 1026 2699 et
1050 2642 1339 2699 bonorum
1362 2642 1600 2716 jactura
1624 2640 1996 2719 impenderit,
2026 2639 2147 2717 quo
2183 2660 2244 2699 se
2281 2638 2397 2698 alio
2425 2640 2608 2715 quam

299 2745 361 2799 in
404 2746 723 2821 sylvarum,
779 2745 1081 2825 paludum,
1128 2764 1193 2801 ac
1238 2745 1532 2802 montium
1571 2762 1830 2802 recessus
1865 2744 2122 2825 recipere
2168 2752 2457 2820 poterant,
2501 2744 2612 2801 ubi

300 2841 499 2933 potius
520 2844 847 2901 barbariem
866 2844 1045 2945 quam
1066 2843 1247 2900 ullam
1274 2862 1506 2901 morum
1526 2844 1823 2901 culturam
1851 2844 2136 2902 imbibere
2153 2844 2412 2942 proclive
2431 2842 2610 2901 habe·

304 2942 449 2999 bant
460 2940 529 2998 ‘P’
1402 2955 1413 2959 ‘

410 3042 716 3097 Facessant
740 3040 929 3115 igitur
948 3038 1049 3097 isti
1077 3009 1386 3117 scriptores
1404 3040 1661 3117 Anglici‚
1693 3042 1798 3117 qui
1826 3043 2028 3115 fucum
2059 3039 2260 3117 aperte
2286 3039 2612 3099 lectoribus

302 3140 535 3197 faciunt
556 3140 740 3197 dum
724 3159 785 3196 ιιι
821 3140 991 3197 libris
1018 3146 1078 3196 et
1103 3140 1620 3216 geographicarum
1649 3141 1987 3199 tabularum
2011 3142 2130 3199 oris
2156 3140 2306 3197 nihil
2342 3140 2612 3199 crebrius

380 3340 401 3374 Β
436 3342 549 3388 This
582 3342 624 3389 is
652 3346 735 3389 not
768 3342 949 3403 strictly
984 3346 1137 3389 exact.
1204 3342 1295 3389 For
1324 3343 1405 3389 the
1588 3342 1600 3375 ¹
1622 3344 1719 3390 The
1739 3344 2044 3405 Anglo-Irish
2073 3344 2181 3403 law,
2217 3344 2268 3391 in
2297 3344 2483 3391 Church
2515 3346 2612 3391 and

307 3429 492 3475 murder
512 3428 564 3473 of
580 3428 659 3473 the
680 3427 801 3473 Irish
822 3428 871 3473 in
893 3428 973 3473 the
988 3427 1187 3487 English
1209 3432 1407 3487 country
1507 3426 1650 3485 State,
1673 3442 1771 3473 was
1799 3428 1850 3473 in
1877 3440 2021 3487 many
2043 3432 2243 3486 respecta
2269 3426 2523 3488 strikingly
2543 3429 2609 3475 si-

305 3504 437 3559 ‘there
456 3526 565 3569 was,
584 3511 635 3557 in
650 3512 813 3571 theory
825 3516 875 3556 at
886 3510 1016 3566 least,
1037 3524 1066 3557 a
1080 3510 1171 3556 fine
1185 3510 1404 3569 imposed.
1506 3511 1642 3557 milar
1659 3516 1707 3557 to
1730 3512 1808 3557 the
1828 3511 1964 3571 penal
1979 3508 2090 3558 'code
2112 3512 2164 3558 of
2178 3510 2297 3558 later
2317 3525 2439 3571 ages,
2463 3512 2505 3557 if
2513 3526 2613 3571 you

308 3595 462 3643 —See
478 3602 585 3642 note
596 3602 631 3653 ¹3,
646 3593 803 3655 supr-cl,
822 3608 867 3655 p.
888 3598 997 3653 216,
1015 3596 1109 3641 and
1121 3594 1258 3640 Misc.
1279 3595 1405 3641 Irish
1507 3596 1754 3641 substitute
1777 3598 1806 3621 “
1824 3595 2035 3643 Catholic
2049 3592 2078 3611 ’'
2099 3596 2170 3641 for
2193 3598 2224 3622 “
2238 3610 2362 3641 mere
2379 3594 2612 3641 Irish.’'-.

314 3681 455 3725 Arch.
477 3680 595 3737 Soc„
620 3694 663 3738 p.
690 3682 767 3726 32.
814 3678 926 3725 And
948 3694 999 3726 as
1016 3685 1065 3726 to
1086 3680 1166 3725 the
1186 3679 1405 3738 indepen-
1509 3680 1593 3727 See
1613 3686 1744 3727 notes
1765 3686 1813 3727 to
1835 3680 2121 3737 Dedieation,
2144 3678 2304 3739 supr-d,
2327 3693 2374 3738 p·-
2398 3680 2477 3726 54.

307 3765 421 3809 dent
444 3764 576 3821 Irish‚
592 3764 673 3810 the
685 3762 990 3823 Anglo-lrish
1010 3778 1128 3811 were
1150 3763 1409 3823 prohibited
1575 3768 1608 3792 ¹¹¹
1627 3763 1894 3811 Stanihurst
1909 3763 2146 3822 describes,
2163 3777 2218 3809 as
2237 3762 2445 3821 existing
2463 3762 2514 3808 in
2532 3762 2614 3809 the

310 3848 455 3893 under
475 3848 627 3908 heavy
643 3849 865 3911 penalties
875 3848 995 3895 from
1014 3848 1222 3910 injuring
1242 3862 1294 3895 or
1308 3862 1410 3895 mo·
1511 3849 1744 3897 sixteenth
1787 3854 1993 3911 century,
2040 3863 2069 3896 a
2105 3848 2227 3896 class
2259 3848 2312 3895 of
2350 3847 2470 3894 Irish
2503 3848 2611 3894 who

309 3930 479 3990 lesting
496 3932 621 3977 them
638 3933 687 3979 in
702 3933 814 3980 time
827 3933 1248 3992 ofpeace—Ibid,
1270 3947 1313 3992 p.
1332 3934 1410 3981 20.
1513 3935 1674 3981 owned
1707 3948 1768 3980 no
1802 3934 2054 3995 subJeetion
2089 3934 2235 3981 either
2255 3938 2304 3979 to
2338 3933 2417 3979 the
2451 3932 2612 3981 native
